%YAML 1.1
%TAG !u! tag:unity3d.com,2011:
--- !u!1 &8177127308596386438
GameObject:
  m_ObjectHideFlags: 0
  m_CorrespondingSourceObject: {fileID: 0}
  m_PrefabInstance: {fileID: 0}
  m_PrefabAsset: {fileID: 0}
  serializedVersion: 6
  m_Component:
  - component: {fileID: 8177127308596386439}
  m_Layer: 0
  m_Name: wp2
  m_TagString: Untagged
  m_Icon: {fileID: 419385456094870383, guid: 0000000000000000d000000000000000, type: 0}
  m_NavMeshLayer: 0
  m_StaticEditorFlags: 0
  m_IsActive: 1
--- !u!4 &8177127308596386439
Transform:
  m_ObjectHideFlags: 0
  m_CorrespondingSourceObject: {fileID: 0}
  m_PrefabInstance: {fileID: 0}
  m_PrefabAsset: {fileID: 0}
  m_GameObject: {fileID: 8177127308596386438}
  m_LocalRotation: {x: -0, y: -0, z: -0, w: 1}
  m_LocalPosition: {x: -0.8225113, y: 3.414749, z: -3.22}
  m_LocalScale: {x: 50, y: 50, z: 50}
  m_Children: []
  m_Father: {fileID: 8177127308991862832}
  m_RootOrder: 1
  m_LocalEulerAnglesHint: {x: 0, y: 0, z: 0}
--- !u!1 &8177127308850370671
GameObject:
  m_ObjectHideFlags: 0
  m_CorrespondingSourceObject: {fileID: 0}
  m_PrefabInstance: {fileID: 0}
  m_PrefabAsset: {fileID: 0}
  serializedVersion: 6
  m_Component:
  - component: {fileID: 8177127308850370668}
  m_Layer: 0
  m_Name: wp9
  m_TagString: Untagged
  m_Icon: {fileID: 419385456094870383, guid: 0000000000000000d000000000000000, type: 0}
  m_NavMeshLayer: 0
  m_StaticEditorFlags: 0
  m_IsActive: 1
--- !u!4 &8177127308850370668
Transform:
  m_ObjectHideFlags: 0
  m_CorrespondingSourceObject: {fileID: 0}
  m_PrefabInstance: {fileID: 0}
  m_PrefabAsset: {fileID: 0}
  m_GameObject: {fileID: 8177127308850370671}
  m_LocalRotation: {x: -0, y: -0, z: -0, w: 1}
  m_LocalPosition: {x: 28.92, y: 3.414749, z: -4.9349146}
  m_LocalScale: {x: 50, y: 50, z: 50}
  m_Children: []
  m_Father: {fileID: 8177127308991862832}
  m_RootOrder: 8
  m_LocalEulerAnglesHint: {x: 0, y: 0, z: 0}
--- !u!1 &8177127308915855889
GameObject:
  m_ObjectHideFlags: 0
  m_CorrespondingSourceObject: {fileID: 0}
  m_PrefabInstance: {fileID: 0}
  m_PrefabAsset: {fileID: 0}
  serializedVersion: 6
  m_Component:
  - component: {fileID: 8177127308915855899}
  - component: {fileID: 8177127308915855898}
  - component: {fileID: 8177127308915855893}
  - component: {fileID: 8177127308915855892}
  - component: {fileID: 8177127308915855895}
  - component: {fileID: 8177127308915855894}
  m_Layer: 0
  m_Name: BatteriesInSeries
  m_TagString: Untagged
  m_Icon: {fileID: 0}
  m_NavMeshLayer: 0
  m_StaticEditorFlags: 0
  m_IsActive: 1
--- !u!4 &8177127308915855899
Transform:
  m_ObjectHideFlags: 0
  m_CorrespondingSourceObject: {fileID: 0}
  m_PrefabInstance: {fileID: 0}
  m_PrefabAsset: {fileID: 0}
  m_GameObject: {fileID: 8177127308915855889}
  m_LocalRotation: {x: 0, y: 0, z: 0, w: 1}
  m_LocalPosition: {x: 0, y: 0, z: 0}
  m_LocalScale: {x: 50, y: 50, z: 50}
  m_Children:
  - {fileID: 8177127310104732227}
  m_Father: {fileID: 0}
  m_RootOrder: 0
  m_LocalEulerAnglesHint: {x: 0, y: 0, z: 0}
--- !u!114 &8177127308915855898
MonoBehaviour:
  m_ObjectHideFlags: 0
  m_CorrespondingSourceObject: {fileID: 0}
  m_PrefabInstance: {fileID: 0}
  m_PrefabAsset: {fileID: 0}
  m_GameObject: {fileID: 8177127308915855889}
  m_Enabled: 1
  m_EditorHideFlags: 0
  m_Script: {fileID: -1631628248, guid: bab6fa851cf5a1a4bba3cec5f191cb8e, type: 3}
  m_Name: 
  m_EditorClassIdentifier: 
  mTrackableName: BATTERIESINSERIES
  mPreserveChildSize: 0
  mInitializedInEditor: 1
  mDataSetPath: Vuforia/CircuitTest.xml
  mAspectRatio: 0.4614094
  mImageTargetType: 0
  mWidth: 50
  mHeight: 23.070469
--- !u!114 &8177127308915855893
MonoBehaviour:
  m_ObjectHideFlags: 0
  m_CorrespondingSourceObject: {fileID: 0}
  m_PrefabInstance: {fileID: 0}
  m_PrefabAsset: {fileID: 0}
  m_GameObject: {fileID: 8177127308915855889}
  m_Enabled: 1
  m_EditorHideFlags: 0
  m_Script: {fileID: 11500000, guid: 5a917f0af64a6423093132dab321c15f, type: 3}
  m_Name: 
  m_EditorClassIdentifier: 
  lost: 0
  reload: 0
--- !u!114 &8177127308915855892
MonoBehaviour:
  m_ObjectHideFlags: 0
  m_CorrespondingSourceObject: {fileID: 0}
  m_PrefabInstance: {fileID: 0}
  m_PrefabAsset: {fileID: 0}
  m_GameObject: {fileID: 8177127308915855889}
  m_Enabled: 1
  m_EditorHideFlags: 0
  m_Script: {fileID: -1770992566, guid: bab6fa851cf5a1a4bba3cec5f191cb8e, type: 3}
  m_Name: 
  m_EditorClassIdentifier: 
--- !u!23 &8177127308915855895
MeshRenderer:
  m_ObjectHideFlags: 0
  m_CorrespondingSourceObject: {fileID: 0}
  m_PrefabInstance: {fileID: 0}
  m_PrefabAsset: {fileID: 0}
  m_GameObject: {fileID: 8177127308915855889}
  m_Enabled: 1
  m_CastShadows: 1
  m_ReceiveShadows: 1
  m_DynamicOccludee: 1
  m_MotionVectors: 1
  m_LightProbeUsage: 0
  m_ReflectionProbeUsage: 1
  m_RenderingLayerMask: 1
  m_RendererPriority: 0
  m_Materials:
  - {fileID: 0}
  m_StaticBatchInfo:
    firstSubMesh: 0
    subMeshCount: 0
  m_StaticBatchRoot: {fileID: 0}
  m_ProbeAnchor: {fileID: 0}
  m_LightProbeVolumeOverride: {fileID: 0}
  m_ScaleInLightmap: 1
  m_PreserveUVs: 0
  m_IgnoreNormalsForChartDetection: 0
  m_ImportantGI: 0
  m_StitchLightmapSeams: 0
  m_SelectedEditorRenderState: 3
  m_MinimumChartSize: 4
  m_AutoUVMaxDistance: 0.5
  m_AutoUVMaxAngle: 89
  m_LightmapParameters: {fileID: 0}
  m_SortingLayerID: 0
  m_SortingLayer: 0
  m_SortingOrder: 0
--- !u!33 &8177127308915855894
MeshFilter:
  m_ObjectHideFlags: 0
  m_CorrespondingSourceObject: {fileID: 0}
  m_PrefabInstance: {fileID: 0}
  m_PrefabAsset: {fileID: 0}
  m_GameObject: {fileID: 8177127308915855889}
  m_Mesh: {fileID: 0}
--- !u!1 &8177127308991862835
GameObject:
  m_ObjectHideFlags: 0
  m_CorrespondingSourceObject: {fileID: 0}
  m_PrefabInstance: {fileID: 0}
  m_PrefabAsset: {fileID: 0}
  serializedVersion: 6
  m_Component:
  - component: {fileID: 8177127308991862832}
  m_Layer: 0
  m_Name: WAYPOINTS
  m_TagString: Untagged
  m_Icon: {fileID: 0}
  m_NavMeshLayer: 0
  m_StaticEditorFlags: 0
  m_IsActive: 1
--- !u!4 &8177127308991862832
Transform:
  m_ObjectHideFlags: 0
  m_CorrespondingSourceObject: {fileID: 0}
  m_PrefabInstance: {fileID: 0}
  m_PrefabAsset: {fileID: 0}
  m_GameObject: {fileID: 8177127308991862835}
  m_LocalRotation: {x: 0, y: 0, z: 0, w: 1}
  m_LocalPosition: {x: 0, y: 1, z: 0}
  m_LocalScale: {x: 1, y: 1, z: 1}
  m_Children:
  - {fileID: 8177127310235980430}
  - {fileID: 8177127308596386439}
  - {fileID: 8177127309242330902}
  - {fileID: 8177127309909543545}
  - {fileID: 8177127309790530028}
  - {fileID: 8177127309574674293}
  - {fileID: 8177127309306942157}
  - {fileID: 8177127309923111025}
  - {fileID: 8177127308850370668}
  - {fileID: 8177127310268449185}
  - {fileID: 8177127310299302881}
  - {fileID: 8177127309795485136}
  - {fileID: 8177127310139035253}
  - {fileID: 8177127310236804562}
  m_Father: {fileID: 8177127309569689554}
  m_RootOrder: 0
  m_LocalEulerAnglesHint: {x: 0, y: 0, z: 0}
--- !u!1 &8177127309175375136
GameObject:
  m_ObjectHideFlags: 0
  m_CorrespondingSourceObject: {fileID: 0}
  m_PrefabInstance: {fileID: 0}
  m_PrefabAsset: {fileID: 0}
  serializedVersion: 6
  m_Component:
  - component: {fileID: 8177127309175375137}
  - component: {fileID: 8177127309175375143}
  - component: {fileID: 8177127309175375142}
  m_Layer: 0
  m_Name: Text (TMP)
  m_TagString: Untagged
  m_Icon: {fileID: 0}
  m_NavMeshLayer: 0
  m_StaticEditorFlags: 0
  m_IsActive: 1
--- !u!224 &8177127309175375137
RectTransform:
  m_ObjectHideFlags: 0
  m_CorrespondingSourceObject: {fileID: 0}
  m_PrefabInstance: {fileID: 0}
  m_PrefabAsset: {fileID: 0}
  m_GameObject: {fileID: 8177127309175375136}
  m_LocalRotation: {x: 0.740933, y: -0, z: -0, w: 0.67157894}
  m_LocalPosition: {x: 0, y: 0, z: -0.113}
  m_LocalScale: {x: 0.0033008335, y: 0.004358917, z: 0.004358917}
  m_Children: []
  m_Father: {fileID: 8177127309602710228}
  m_RootOrder: 0
  m_LocalEulerAnglesHint: {x: 95.62201, y: -0.000015258789, z: -0.000015258789}
  m_AnchorMin: {x: 0.5, y: 0.5}
  m_AnchorMax: {x: 0.5, y: 0.5}
  m_AnchoredPosition: {x: -1081.1631, y: -539.9431}
  m_SizeDelta: {x: 200, y: 50}
  m_Pivot: {x: 0.5, y: 0.5}
--- !u!222 &8177127309175375143
CanvasRenderer:
  m_ObjectHideFlags: 0
  m_CorrespondingSourceObject: {fileID: 0}
  m_PrefabInstance: {fileID: 0}
  m_PrefabAsset: {fileID: 0}
  m_GameObject: {fileID: 8177127309175375136}
  m_CullTransparentMesh: 0
--- !u!114 &8177127309175375142
MonoBehaviour:
  m_ObjectHideFlags: 0
  m_CorrespondingSourceObject: {fileID: 0}
  m_PrefabInstance: {fileID: 0}
  m_PrefabAsset: {fileID: 0}
  m_GameObject: {fileID: 8177127309175375136}
  m_Enabled: 1
  m_EditorHideFlags: 0
  m_Script: {fileID: 11500000, guid: f4688fdb7df04437aeb418b961361dc5, type: 3}
  m_Name: 
  m_EditorClassIdentifier: 
  m_Material: {fileID: 0}
  m_Color: {r: 1, g: 1, b: 1, a: 1}
  m_RaycastTarget: 1
  m_OnCullStateChanged:
    m_PersistentCalls:
      m_Calls: []
    m_TypeName: UnityEngine.UI.MaskableGraphic+CullStateChangedEvent, UnityEngine.UI,
      Version=1.0.0.0, Culture=neutral, PublicKeyToken=null
  m_text: 
  m_isRightToLeft: 0
  m_fontAsset: {fileID: 11400000, guid: 8f586378b4e144a9851e7b34d9b748ee, type: 2}
  m_sharedMaterial: {fileID: 2180264, guid: 8f586378b4e144a9851e7b34d9b748ee, type: 2}
  m_fontSharedMaterials: []
  m_fontMaterial: {fileID: 0}
  m_fontMaterials: []
  m_fontColor32:
    serializedVersion: 2
    rgba: 4280361256
  m_fontColor: {r: 0.16037738, g: 0.132387, b: 0.132387, a: 1}
  m_enableVertexGradient: 0
  m_colorMode: 3
  m_fontColorGradient:
    topLeft: {r: 1, g: 1, b: 1, a: 1}
    topRight: {r: 1, g: 1, b: 1, a: 1}
    bottomLeft: {r: 1, g: 1, b: 1, a: 1}
    bottomRight: {r: 1, g: 1, b: 1, a: 1}
  m_fontColorGradientPreset: {fileID: 0}
  m_spriteAsset: {fileID: 0}
  m_tintAllSprites: 0
  m_overrideHtmlColors: 0
  m_faceColor:
    serializedVersion: 2
    rgba: 4294967295
  m_outlineColor:
    serializedVersion: 2
    rgba: 4278190080
  m_fontSize: 25.6
  m_fontSizeBase: 25.6
  m_fontWeight: 400
  m_enableAutoSizing: 0
  m_fontSizeMin: 18
  m_fontSizeMax: 72
  m_fontStyle: 0
  m_textAlignment: 260
  m_characterSpacing: 0
  m_wordSpacing: 0
  m_lineSpacing: 0
  m_lineSpacingMax: 0
  m_paragraphSpacing: 0
  m_charWidthMaxAdj: 0
  m_enableWordWrapping: 1
  m_wordWrappingRatios: 0.4
  m_overflowMode: 0
  m_firstOverflowCharacterIndex: -1
  m_linkedTextComponent: {fileID: 0}
  m_isLinkedTextComponent: 0
  m_isTextTruncated: 0
  m_enableKerning: 1
  m_enableExtraPadding: 0
  checkPaddingRequired: 0
  m_isRichText: 1
  m_parseCtrlCharacters: 1
  m_isOrthographic: 1
  m_isCullingEnabled: 0
  m_ignoreRectMaskCulling: 0
  m_ignoreCulling: 1
  m_horizontalMapping: 0
  m_verticalMapping: 0
  m_uvLineOffset: 0
  m_geometrySortingOrder: 0
  m_VertexBufferAutoSizeReduction: 1
  m_firstVisibleCharacter: 0
  m_useMaxVisibleDescender: 1
  m_pageToDisplay: 1
  m_margin: {x: 0, y: -11.480563, z: 53.4391, w: 20.749332}
  m_textInfo:
    textComponent: {fileID: 8177127309175375142}
    characterCount: 0
    spriteCount: 0
    spaceCount: 0
    wordCount: 0
    linkCount: 0
    lineCount: 0
    pageCount: 0
    materialCount: 1
  m_isUsingLegacyAnimationComponent: 0
  m_isVolumetricText: 0
  m_spriteAnimator: {fileID: 0}
  m_hasFontAssetChanged: 0
  m_subTextObjects:
  - {fileID: 0}
  - {fileID: 0}
  - {fileID: 0}
  - {fileID: 0}
  - {fileID: 0}
  - {fileID: 0}
  - {fileID: 0}
  - {fileID: 0}
  m_baseMaterial: {fileID: 0}
  m_maskOffset: {x: 0, y: 0, z: 0, w: 0}
--- !u!1 &8177127309242330897
GameObject:
  m_ObjectHideFlags: 0
  m_CorrespondingSourceObject: {fileID: 0}
  m_PrefabInstance: {fileID: 0}
  m_PrefabAsset: {fileID: 0}
  serializedVersion: 6
  m_Component:
  - component: {fileID: 8177127309242330902}
  m_Layer: 0
  m_Name: wp3
  m_TagString: Untagged
  m_Icon: {fileID: 419385456094870383, guid: 0000000000000000d000000000000000, type: 0}
  m_NavMeshLayer: 0
  m_StaticEditorFlags: 0
  m_IsActive: 1
--- !u!4 &8177127309242330902
Transform:
  m_ObjectHideFlags: 0
  m_CorrespondingSourceObject: {fileID: 0}
  m_PrefabInstance: {fileID: 0}
  m_PrefabAsset: {fileID: 0}
  m_GameObject: {fileID: 8177127309242330897}
  m_LocalRotation: {x: -0, y: -0, z: -0, w: 1}
  m_LocalPosition: {x: 10.21, y: 3.414749, z: -2.97}
  m_LocalScale: {x: 50, y: 50, z: 50}
  m_Children: []
  m_Father: {fileID: 8177127308991862832}
  m_RootOrder: 2
  m_LocalEulerAnglesHint: {x: 0, y: 0, z: 0}
--- !u!1 &8177127309306942156
GameObject:
  m_ObjectHideFlags: 0
  m_CorrespondingSourceObject: {fileID: 0}
  m_PrefabInstance: {fileID: 0}
  m_PrefabAsset: {fileID: 0}
  serializedVersion: 6
  m_Component:
  - component: {fileID: 8177127309306942157}
  m_Layer: 0
  m_Name: wp7
  m_TagString: Untagged
  m_Icon: {fileID: 419385456094870383, guid: 0000000000000000d000000000000000, type: 0}
  m_NavMeshLayer: 0
  m_StaticEditorFlags: 0
  m_IsActive: 1
--- !u!4 &8177127309306942157
Transform:
  m_ObjectHideFlags: 0
  m_CorrespondingSourceObject: {fileID: 0}
  m_PrefabInstance: {fileID: 0}
  m_PrefabAsset: {fileID: 0}
  m_GameObject: {fileID: 8177127309306942156}
  m_LocalRotation: {x: -0, y: -0, z: -0, w: 1}
  m_LocalPosition: {x: 16.32, y: 3.414749, z: -2.78}
  m_LocalScale: {x: 50, y: 50, z: 50}
  m_Children: []
  m_Father: {fileID: 8177127308991862832}
  m_RootOrder: 6
  m_LocalEulerAnglesHint: {x: 0, y: 0, z: 0}
--- !u!54 &8177127309499332634
Rigidbody:
  m_ObjectHideFlags: 0
  m_CorrespondingSourceObject: {fileID: 0}
  m_PrefabInstance: {fileID: 0}
  m_PrefabAsset: {fileID: 0}
  m_GameObject: {fileID: 8177127309980882970}
  serializedVersion: 2
  m_Mass: 1
  m_Drag: 0
  m_AngularDrag: 0.05
  m_UseGravity: 0
  m_IsKinematic: 0
  m_Interpolate: 0
  m_Constraints: 126
  m_CollisionDetection: 0
--- !u!65 &8177127309499332629
BoxCollider:
  m_ObjectHideFlags: 0
  m_CorrespondingSourceObject: {fileID: 0}
  m_PrefabInstance: {fileID: 0}
  m_PrefabAsset: {fileID: 0}
  m_GameObject: {fileID: 8177127309980882970}
  m_Material: {fileID: 0}
  m_IsTrigger: 0
  m_Enabled: 1
  serializedVersion: 2
  m_Size: {x: 0.020000001, y: 0.019999996, z: 0.019999998}
  m_Center: {x: 0, y: -3.469447e-18, z: 0}
--- !u!114 &8177127309499332628
MonoBehaviour:
  m_ObjectHideFlags: 0
  m_CorrespondingSourceObject: {fileID: 0}
  m_PrefabInstance: {fileID: 0}
  m_PrefabAsset: {fileID: 0}
  m_GameObject: {fileID: 8177127309980882970}
  m_Enabled: 1
  m_EditorHideFlags: 0
  m_Script: {fileID: 11500000, guid: 437915d06a257e1459924608ed23cbf9, type: 3}
  m_Name: 
  m_EditorClassIdentifier: 
  batteryON: 0
  batteryText: {fileID: 8177127309175375142}
  LoadText: {fileID: 8177127310210983915}
  batteryVoltage: 0
  LoadVoltage: 0
  Battery1: {fileID: 8177127310195034224}
  Battery2: {fileID: 8177127309499332628}
--- !u!1 &8177127309569689581
GameObject:
  m_ObjectHideFlags: 0
  m_CorrespondingSourceObject: {fileID: 0}
  m_PrefabInstance: {fileID: 0}
  m_PrefabAsset: {fileID: 0}
  serializedVersion: 6
  m_Component:
  - component: {fileID: 8177127309569689554}
  m_Layer: 0
  m_Name: Models
  m_TagString: Untagged
  m_Icon: {fileID: 0}
  m_NavMeshLayer: 0
  m_StaticEditorFlags: 0
  m_IsActive: 1
--- !u!4 &8177127309569689554
Transform:
  m_ObjectHideFlags: 0
  m_CorrespondingSourceObject: {fileID: 0}
  m_PrefabInstance: {fileID: 0}
  m_PrefabAsset: {fileID: 0}
  m_GameObject: {fileID: 8177127309569689581}
  m_LocalRotation: {x: -0, y: -0, z: -0, w: 1}
  m_LocalPosition: {x: -0.23964977, y: -0.06829498, z: 0.11849829}
  m_LocalScale: {x: 0.02, y: 0.02, z: 0.02}
  m_Children:
  - {fileID: 8177127308991862832}
  - {fileID: 979442581095600403}
  - {fileID: 8177127310591468188}
  - {fileID: 8177127309980582970}
  m_Father: {fileID: 8177127310104732227}
  m_RootOrder: 0
  m_LocalEulerAnglesHint: {x: 0, y: 0, z: 0}
--- !u!1 &8177127309574674292
GameObject:
  m_ObjectHideFlags: 0
  m_CorrespondingSourceObject: {fileID: 0}
  m_PrefabInstance: {fileID: 0}
  m_PrefabAsset: {fileID: 0}
  serializedVersion: 6
  m_Component:
  - component: {fileID: 8177127309574674293}
  m_Layer: 0
  m_Name: wp6
  m_TagString: Untagged
  m_Icon: {fileID: 419385456094870383, guid: 0000000000000000d000000000000000, type: 0}
  m_NavMeshLayer: 0
  m_StaticEditorFlags: 0
  m_IsActive: 1
--- !u!4 &8177127309574674293
Transform:
  m_ObjectHideFlags: 0
  m_CorrespondingSourceObject: {fileID: 0}
  m_PrefabInstance: {fileID: 0}
  m_PrefabAsset: {fileID: 0}
  m_GameObject: {fileID: 8177127309574674292}
  m_LocalRotation: {x: -0, y: -0, z: -0, w: 1}
  m_LocalPosition: {x: 16.02, y: 3.414749, z: -9.954914}
  m_LocalScale: {x: 50, y: 50, z: 50}
  m_Children: []
  m_Father: {fileID: 8177127308991862832}
  m_RootOrder: 5
  m_LocalEulerAnglesHint: {x: 0, y: 0, z: 0}
--- !u!1 &8177127309602710231
GameObject:
  m_ObjectHideFlags: 0
  m_CorrespondingSourceObject: {fileID: 0}
  m_PrefabInstance: {fileID: 0}
  m_PrefabAsset: {fileID: 0}
  serializedVersion: 6
  m_Component:
  - component: {fileID: 8177127309602710228}
  - component: {fileID: 8177127309602710235}
  - component: {fileID: 8177127309602710234}
  - component: {fileID: 8177127309602710229}
  m_Layer: 0
  m_Name: Canvas
  m_TagString: Untagged
  m_Icon: {fileID: 0}
  m_NavMeshLayer: 0
  m_StaticEditorFlags: 0
  m_IsActive: 1
--- !u!224 &8177127309602710228
RectTransform:
  m_ObjectHideFlags: 0
  m_CorrespondingSourceObject: {fileID: 0}
  m_PrefabInstance: {fileID: 0}
  m_PrefabAsset: {fileID: 0}
  m_GameObject: {fileID: 8177127309602710231}
  m_LocalRotation: {x: 0.7071068, y: -0, z: -0, w: 0.7071067}
  m_LocalPosition: {x: 0, y: 0, z: 343.93365}
  m_LocalScale: {x: 0.04441977, y: 0.63692415, z: 0.04441976}
  m_Children:
  - {fileID: 8177127309175375137}
  - {fileID: 8177127310210983914}
  m_Father: {fileID: 8177127309980582970}
  m_RootOrder: 0
  m_LocalEulerAnglesHint: {x: 0, y: 0, z: 0}
  m_AnchorMin: {x: 0, y: 0}
  m_AnchorMax: {x: 0, y: 0}
  m_AnchoredPosition: {x: 48.025368, y: -0.0000033889594}
  m_SizeDelta: {x: 2160, y: 1080}
  m_Pivot: {x: 0.5, y: 0.5}
--- !u!223 &8177127309602710235
Canvas:
  m_ObjectHideFlags: 0
  m_CorrespondingSourceObject: {fileID: 0}
  m_PrefabInstance: {fileID: 0}
  m_PrefabAsset: {fileID: 0}
  m_GameObject: {fileID: 8177127309602710231}
  m_Enabled: 1
  serializedVersion: 3
  m_RenderMode: 2
  m_Camera: {fileID: 0}
  m_PlaneDistance: 100
  m_PixelPerfect: 0
  m_ReceivesEvents: 1
  m_OverrideSorting: 0
  m_OverridePixelPerfect: 0
  m_SortingBucketNormalizedSize: 0
  m_AdditionalShaderChannelsFlag: 25
  m_SortingLayerID: 0
  m_SortingOrder: 0
  m_TargetDisplay: 0
--- !u!114 &8177127309602710234
MonoBehaviour:
  m_ObjectHideFlags: 0
  m_CorrespondingSourceObject: {fileID: 0}
  m_PrefabInstance: {fileID: 0}
  m_PrefabAsset: {fileID: 0}
  m_GameObject: {fileID: 8177127309602710231}
  m_Enabled: 1
  m_EditorHideFlags: 0
  m_Script: {fileID: 1980459831, guid: f70555f144d8491a825f0804e09c671c, type: 3}
  m_Name: 
  m_EditorClassIdentifier: 
  m_UiScaleMode: 0
  m_ReferencePixelsPerUnit: 100
  m_ScaleFactor: 1
  m_ReferenceResolution: {x: 800, y: 600}
  m_ScreenMatchMode: 0
  m_MatchWidthOrHeight: 0
  m_PhysicalUnit: 3
  m_FallbackScreenDPI: 96
  m_DefaultSpriteDPI: 96
  m_DynamicPixelsPerUnit: 1
--- !u!114 &8177127309602710229
MonoBehaviour:
  m_ObjectHideFlags: 0
  m_CorrespondingSourceObject: {fileID: 0}
  m_PrefabInstance: {fileID: 0}
  m_PrefabAsset: {fileID: 0}
  m_GameObject: {fileID: 8177127309602710231}
  m_Enabled: 1
  m_EditorHideFlags: 0
  m_Script: {fileID: 1301386320, guid: f70555f144d8491a825f0804e09c671c, type: 3}
  m_Name: 
  m_EditorClassIdentifier: 
  m_IgnoreReversedGraphics: 1
  m_BlockingObjects: 0
  m_BlockingMask:
    serializedVersion: 2
    m_Bits: 4294967295
--- !u!1 &8177127309790530031
GameObject:
  m_ObjectHideFlags: 0
  m_CorrespondingSourceObject: {fileID: 0}
  m_PrefabInstance: {fileID: 0}
  m_PrefabAsset: {fileID: 0}
  serializedVersion: 6
  m_Component:
  - component: {fileID: 8177127309790530028}
  m_Layer: 0
  m_Name: wp5
  m_TagString: Untagged
  m_Icon: {fileID: 419385456094870383, guid: 0000000000000000d000000000000000, type: 0}
  m_NavMeshLayer: 0
  m_StaticEditorFlags: 0
  m_IsActive: 1
--- !u!4 &8177127309790530028
Transform:
  m_ObjectHideFlags: 0
  m_CorrespondingSourceObject: {fileID: 0}
  m_PrefabInstance: {fileID: 0}
  m_PrefabAsset: {fileID: 0}
  m_GameObject: {fileID: 8177127309790530031}
  m_LocalRotation: {x: -0, y: -0, z: -0, w: 1}
  m_LocalPosition: {x: 11, y: 3.414749, z: -9.954914}
  m_LocalScale: {x: 50, y: 50, z: 50}
  m_Children: []
  m_Father: {fileID: 8177127308991862832}
  m_RootOrder: 4
  m_LocalEulerAnglesHint: {x: 0, y: 0, z: 0}
--- !u!1 &8177127309795485139
GameObject:
  m_ObjectHideFlags: 0
  m_CorrespondingSourceObject: {fileID: 0}
  m_PrefabInstance: {fileID: 0}
  m_PrefabAsset: {fileID: 0}
  serializedVersion: 6
  m_Component:
  - component: {fileID: 8177127309795485136}
  m_Layer: 0
  m_Name: wp12
  m_TagString: Untagged
  m_Icon: {fileID: 419385456094870383, guid: 0000000000000000d000000000000000, type: 0}
  m_NavMeshLayer: 0
  m_StaticEditorFlags: 0
  m_IsActive: 1
--- !u!4 &8177127309795485136
Transform:
  m_ObjectHideFlags: 0
  m_CorrespondingSourceObject: {fileID: 0}
  m_PrefabInstance: {fileID: 0}
  m_PrefabAsset: {fileID: 0}
  m_GameObject: {fileID: 8177127309795485139}
  m_LocalRotation: {x: -0, y: -0, z: -0, w: 1}
  m_LocalPosition: {x: -0.37, y: 3.414749, z: -13.289915}
  m_LocalScale: {x: 50, y: 50, z: 50}
  m_Children: []
  m_Father: {fileID: 8177127308991862832}
  m_RootOrder: 11
  m_LocalEulerAnglesHint: {x: 0, y: 0, z: 0}
--- !u!1 &8177127309909543544
GameObject:
  m_ObjectHideFlags: 0
  m_CorrespondingSourceObject: {fileID: 0}
  m_PrefabInstance: {fileID: 0}
  m_PrefabAsset: {fileID: 0}
  serializedVersion: 6
  m_Component:
  - component: {fileID: 8177127309909543545}
  m_Layer: 0
  m_Name: wp4
  m_TagString: Untagged
  m_Icon: {fileID: 419385456094870383, guid: 0000000000000000d000000000000000, type: 0}
  m_NavMeshLayer: 0
  m_StaticEditorFlags: 0
  m_IsActive: 1
--- !u!4 &8177127309909543545
Transform:
  m_ObjectHideFlags: 0
  m_CorrespondingSourceObject: {fileID: 0}
  m_PrefabInstance: {fileID: 0}
  m_PrefabAsset: {fileID: 0}
  m_GameObject: {fileID: 8177127309909543544}
  m_LocalRotation: {x: -0, y: -0, z: -0, w: 1}
  m_LocalPosition: {x: 10.872488, y: 3.414749, z: -5.6149144}
  m_LocalScale: {x: 50, y: 50, z: 50}
  m_Children: []
  m_Father: {fileID: 8177127308991862832}
  m_RootOrder: 3
  m_LocalEulerAnglesHint: {x: 0, y: 0, z: 0}
--- !u!1 &8177127309923111024
GameObject:
  m_ObjectHideFlags: 0
  m_CorrespondingSourceObject: {fileID: 0}
  m_PrefabInstance: {fileID: 0}
  m_PrefabAsset: {fileID: 0}
  serializedVersion: 6
  m_Component:
  - component: {fileID: 8177127309923111025}
  m_Layer: 0
  m_Name: wp8
  m_TagString: Untagged
  m_Icon: {fileID: 419385456094870383, guid: 0000000000000000d000000000000000, type: 0}
  m_NavMeshLayer: 0
  m_StaticEditorFlags: 0
  m_IsActive: 1
--- !u!4 &8177127309923111025
Transform:
  m_ObjectHideFlags: 0
  m_CorrespondingSourceObject: {fileID: 0}
  m_PrefabInstance: {fileID: 0}
  m_PrefabAsset: {fileID: 0}
  m_GameObject: {fileID: 8177127309923111024}
  m_LocalRotation: {x: -0, y: -0, z: -0, w: 1}
  m_LocalPosition: {x: 28.652489, y: 3.414749, z: -2}
  m_LocalScale: {x: 50, y: 50, z: 50}
  m_Children: []
  m_Father: {fileID: 8177127308991862832}
  m_RootOrder: 7
  m_LocalEulerAnglesHint: {x: 0, y: 0, z: 0}
--- !u!1 &8177127310079571726
GameObject:
  m_ObjectHideFlags: 0
  m_CorrespondingSourceObject: {fileID: 0}
  m_PrefabInstance: {fileID: 0}
  m_PrefabAsset: {fileID: 0}
  serializedVersion: 6
  m_Component:
  - component: {fileID: 8177127310079571727}
  - component: {fileID: 8177127310079571186}
  - component: {fileID: 8177127310079571725}
  - component: {fileID: 8177127310079571724}
  m_Layer: 0
  m_Name: Canvas
  m_TagString: Untagged
  m_Icon: {fileID: 0}
  m_NavMeshLayer: 0
  m_StaticEditorFlags: 0
  m_IsActive: 1
--- !u!224 &8177127310079571727
RectTransform:
  m_ObjectHideFlags: 0
  m_CorrespondingSourceObject: {fileID: 0}
  m_PrefabInstance: {fileID: 0}
  m_PrefabAsset: {fileID: 0}
  m_GameObject: {fileID: 8177127310079571726}
  m_LocalRotation: {x: 0.7071068, y: -0, z: -0, w: 0.7071067}
  m_LocalPosition: {x: 0, y: 0, z: 343.93365}
  m_LocalScale: {x: 0.04441977, y: 0.63692415, z: 0.04441976}
  m_Children:
  - {fileID: 8177127310227972725}
  m_Father: {fileID: 8177127310591468188}
  m_RootOrder: 0
  m_LocalEulerAnglesHint: {x: 0, y: 0, z: 0}
  m_AnchorMin: {x: 0, y: 0}
  m_AnchorMax: {x: 0, y: 0}
  m_AnchoredPosition: {x: 48.025368, y: -0.0000033889594}
  m_SizeDelta: {x: 2160, y: 1080}
  m_Pivot: {x: 0.5, y: 0.5}
--- !u!223 &8177127310079571186
Canvas:
  m_ObjectHideFlags: 0
  m_CorrespondingSourceObject: {fileID: 0}
  m_PrefabInstance: {fileID: 0}
  m_PrefabAsset: {fileID: 0}
  m_GameObject: {fileID: 8177127310079571726}
  m_Enabled: 1
  serializedVersion: 3
  m_RenderMode: 2
  m_Camera: {fileID: 0}
  m_PlaneDistance: 100
  m_PixelPerfect: 0
  m_ReceivesEvents: 1
  m_OverrideSorting: 0
  m_OverridePixelPerfect: 0
  m_SortingBucketNormalizedSize: 0
  m_AdditionalShaderChannelsFlag: 25
  m_SortingLayerID: 0
  m_SortingOrder: 0
  m_TargetDisplay: 0
--- !u!114 &8177127310079571725
MonoBehaviour:
  m_ObjectHideFlags: 0
  m_CorrespondingSourceObject: {fileID: 0}
  m_PrefabInstance: {fileID: 0}
  m_PrefabAsset: {fileID: 0}
  m_GameObject: {fileID: 8177127310079571726}
  m_Enabled: 1
  m_EditorHideFlags: 0
  m_Script: {fileID: 1980459831, guid: f70555f144d8491a825f0804e09c671c, type: 3}
  m_Name: 
  m_EditorClassIdentifier: 
  m_UiScaleMode: 0
  m_ReferencePixelsPerUnit: 100
  m_ScaleFactor: 1
  m_ReferenceResolution: {x: 800, y: 600}
  m_ScreenMatchMode: 0
  m_MatchWidthOrHeight: 0
  m_PhysicalUnit: 3
  m_FallbackScreenDPI: 96
  m_DefaultSpriteDPI: 96
  m_DynamicPixelsPerUnit: 1
--- !u!114 &8177127310079571724
MonoBehaviour:
  m_ObjectHideFlags: 0
  m_CorrespondingSourceObject: {fileID: 0}
  m_PrefabInstance: {fileID: 0}
  m_PrefabAsset: {fileID: 0}
  m_GameObject: {fileID: 8177127310079571726}
  m_Enabled: 1
  m_EditorHideFlags: 0
  m_Script: {fileID: 1301386320, guid: f70555f144d8491a825f0804e09c671c, type: 3}
  m_Name: 
  m_EditorClassIdentifier: 
  m_IgnoreReversedGraphics: 1
  m_BlockingObjects: 0
  m_BlockingMask:
    serializedVersion: 2
    m_Bits: 4294967295
--- !u!1 &8177127310104732226
GameObject:
  m_ObjectHideFlags: 0
  m_CorrespondingSourceObject: {fileID: 0}
  m_PrefabInstance: {fileID: 0}
  m_PrefabAsset: {fileID: 0}
  serializedVersion: 6
  m_Component:
  - component: {fileID: 8177127310104732227}
  m_Layer: 0
  m_Name: CircuitComponentsSeries
  m_TagString: Untagged
  m_Icon: {fileID: 0}
  m_NavMeshLayer: 0
  m_StaticEditorFlags: 0
  m_IsActive: 1
--- !u!4 &8177127310104732227
Transform:
  m_ObjectHideFlags: 0
  m_CorrespondingSourceObject: {fileID: 0}
  m_PrefabInstance: {fileID: 0}
  m_PrefabAsset: {fileID: 0}
  m_GameObject: {fileID: 8177127310104732226}
  m_LocalRotation: {x: 0, y: 0, z: 0, w: 1}
  m_LocalPosition: {x: 0, y: 0, z: 0}
  m_LocalScale: {x: 1, y: 1, z: 1}
  m_Children:
  - {fileID: 8177127309569689554}
  m_Father: {fileID: 8177127308915855899}
  m_RootOrder: 0
  m_LocalEulerAnglesHint: {x: 0, y: 0, z: 0}
--- !u!1 &8177127310139035252
GameObject:
  m_ObjectHideFlags: 0
  m_CorrespondingSourceObject: {fileID: 0}
  m_PrefabInstance: {fileID: 0}
  m_PrefabAsset: {fileID: 0}
  serializedVersion: 6
  m_Component:
  - component: {fileID: 8177127310139035253}
  m_Layer: 0
  m_Name: wp13
  m_TagString: Untagged
  m_Icon: {fileID: 419385456094870383, guid: 0000000000000000d000000000000000, type: 0}
  m_NavMeshLayer: 0
  m_StaticEditorFlags: 0
  m_IsActive: 1
--- !u!4 &8177127310139035253
Transform:
  m_ObjectHideFlags: 0
  m_CorrespondingSourceObject: {fileID: 0}
  m_PrefabInstance: {fileID: 0}
  m_PrefabAsset: {fileID: 0}
  m_GameObject: {fileID: 8177127310139035252}
  m_LocalRotation: {x: -0, y: -0, z: -0, w: 1}
  m_LocalPosition: {x: -0.54, y: 3.414749, z: -9.324915}
  m_LocalScale: {x: 50, y: 50, z: 50}
  m_Children: []
  m_Father: {fileID: 8177127308991862832}
  m_RootOrder: 12
  m_LocalEulerAnglesHint: {x: 0, y: 0, z: 0}
--- !u!54 &8177127310195034230
Rigidbody:
  m_ObjectHideFlags: 0
  m_CorrespondingSourceObject: {fileID: 0}
  m_PrefabInstance: {fileID: 0}
  m_PrefabAsset: {fileID: 0}
  m_GameObject: {fileID: 8177127310591573692}
  serializedVersion: 2
  m_Mass: 1
  m_Drag: 0
  m_AngularDrag: 0.05
  m_UseGravity: 0
  m_IsKinematic: 0
  m_Interpolate: 0
  m_Constraints: 126
  m_CollisionDetection: 0
--- !u!65 &8177127310195034225
BoxCollider:
  m_ObjectHideFlags: 0
  m_CorrespondingSourceObject: {fileID: 0}
  m_PrefabInstance: {fileID: 0}
  m_PrefabAsset: {fileID: 0}
  m_GameObject: {fileID: 8177127310591573692}
  m_Material: {fileID: 0}
  m_IsTrigger: 0
  m_Enabled: 1
  serializedVersion: 2
  m_Size: {x: 0.020000001, y: 0.019999996, z: 0.019999998}
  m_Center: {x: 0, y: -3.469447e-18, z: 0}
--- !u!114 &8177127310195034224
MonoBehaviour:
  m_ObjectHideFlags: 0
  m_CorrespondingSourceObject: {fileID: 0}
  m_PrefabInstance: {fileID: 0}
  m_PrefabAsset: {fileID: 0}
  m_GameObject: {fileID: 8177127310591573692}
  m_Enabled: 1
  m_EditorHideFlags: 0
  m_Script: {fileID: 11500000, guid: 437915d06a257e1459924608ed23cbf9, type: 3}
  m_Name: 
  m_EditorClassIdentifier: 
  batteryON: 0
  batteryText: {fileID: 8177127310227972727}
  LoadText: {fileID: 8177127310210983915}
  batteryVoltage: 0
  LoadVoltage: 0
  Battery1: {fileID: 8177127310195034224}
  Battery2: {fileID: 8177127309499332628}
--- !u!1 &8177127310210983909
GameObject:
  m_ObjectHideFlags: 0
  m_CorrespondingSourceObject: {fileID: 0}
  m_PrefabInstance: {fileID: 0}
  m_PrefabAsset: {fileID: 0}
  serializedVersion: 6
  m_Component:
  - component: {fileID: 8177127310210983914}
  - component: {fileID: 8177127310210983912}
  - component: {fileID: 8177127310210983915}
  m_Layer: 0
  m_Name: LoadText
  m_TagString: Untagged
  m_Icon: {fileID: 0}
  m_NavMeshLayer: 0
  m_StaticEditorFlags: 0
  m_IsActive: 1
--- !u!224 &8177127310210983914
RectTransform:
  m_ObjectHideFlags: 0
  m_CorrespondingSourceObject: {fileID: 0}
  m_PrefabInstance: {fileID: 0}
  m_PrefabAsset: {fileID: 0}
  m_GameObject: {fileID: 8177127310210983909}
  m_LocalRotation: {x: 0.740933, y: -0, z: -0, w: 0.67157894}
  m_LocalPosition: {x: 0, y: 0, z: -0.185}
  m_LocalScale: {x: 0.0033008335, y: 0.004358917, z: 0.004358917}
  m_Children: []
  m_Father: {fileID: 8177127309602710228}
  m_RootOrder: 1
  m_LocalEulerAnglesHint: {x: 95.62201, y: -0.000015258789, z: -0.000015258789}
  m_AnchorMin: {x: 0.5, y: 0.5}
  m_AnchorMax: {x: 0.5, y: 0.5}
  m_AnchoredPosition: {x: -1077.3525, y: -539.9431}
  m_SizeDelta: {x: 200, y: 50}
  m_Pivot: {x: 0.5, y: 0.5}
--- !u!222 &8177127310210983912
CanvasRenderer:
  m_ObjectHideFlags: 0
  m_CorrespondingSourceObject: {fileID: 0}
  m_PrefabInstance: {fileID: 0}
  m_PrefabAsset: {fileID: 0}
  m_GameObject: {fileID: 8177127310210983909}
  m_CullTransparentMesh: 0
--- !u!114 &8177127310210983915
MonoBehaviour:
  m_ObjectHideFlags: 0
  m_CorrespondingSourceObject: {fileID: 0}
  m_PrefabInstance: {fileID: 0}
  m_PrefabAsset: {fileID: 0}
  m_GameObject: {fileID: 8177127310210983909}
  m_Enabled: 1
  m_EditorHideFlags: 0
  m_Script: {fileID: 11500000, guid: f4688fdb7df04437aeb418b961361dc5, type: 3}
  m_Name: 
  m_EditorClassIdentifier: 
  m_Material: {fileID: 0}
  m_Color: {r: 1, g: 1, b: 1, a: 1}
  m_RaycastTarget: 1
  m_OnCullStateChanged:
    m_PersistentCalls:
      m_Calls: []
    m_TypeName: UnityEngine.UI.MaskableGraphic+CullStateChangedEvent, UnityEngine.UI,
      Version=1.0.0.0, Culture=neutral, PublicKeyToken=null
  m_text: 6
  m_isRightToLeft: 0
  m_fontAsset: {fileID: 11400000, guid: 8f586378b4e144a9851e7b34d9b748ee, type: 2}
  m_sharedMaterial: {fileID: 2180264, guid: 8f586378b4e144a9851e7b34d9b748ee, type: 2}
  m_fontSharedMaterials: []
  m_fontMaterial: {fileID: 0}
  m_fontMaterials: []
  m_fontColor32:
    serializedVersion: 2
    rgba: 4280361256
  m_fontColor: {r: 0.16037738, g: 0.132387, b: 0.132387, a: 1}
  m_enableVertexGradient: 0
  m_colorMode: 3
  m_fontColorGradient:
    topLeft: {r: 1, g: 1, b: 1, a: 1}
    topRight: {r: 1, g: 1, b: 1, a: 1}
    bottomLeft: {r: 1, g: 1, b: 1, a: 1}
    bottomRight: {r: 1, g: 1, b: 1, a: 1}
  m_fontColorGradientPreset: {fileID: 0}
  m_spriteAsset: {fileID: 0}
  m_tintAllSprites: 0
  m_overrideHtmlColors: 0
  m_faceColor:
    serializedVersion: 2
    rgba: 4294967295
  m_outlineColor:
    serializedVersion: 2
    rgba: 4278190080
  m_fontSize: 32
  m_fontSizeBase: 32
  m_fontWeight: 400
  m_enableAutoSizing: 0
  m_fontSizeMin: 18
  m_fontSizeMax: 72
  m_fontStyle: 1
  m_textAlignment: 260
  m_characterSpacing: 0
  m_wordSpacing: 0
  m_lineSpacing: 0
  m_lineSpacingMax: 0
  m_paragraphSpacing: 0
  m_charWidthMaxAdj: 0
  m_enableWordWrapping: 1
  m_wordWrappingRatios: 0.4
  m_overflowMode: 0
  m_firstOverflowCharacterIndex: -1
  m_linkedTextComponent: {fileID: 0}
  m_isLinkedTextComponent: 0
  m_isTextTruncated: 0
  m_enableKerning: 1
  m_enableExtraPadding: 0
  checkPaddingRequired: 0
  m_isRichText: 1
  m_parseCtrlCharacters: 1
  m_isOrthographic: 1
  m_isCullingEnabled: 0
  m_ignoreRectMaskCulling: 0
  m_ignoreCulling: 1
  m_horizontalMapping: 0
  m_verticalMapping: 0
  m_uvLineOffset: 0
  m_geometrySortingOrder: 0
  m_VertexBufferAutoSizeReduction: 1
  m_firstVisibleCharacter: 0
  m_useMaxVisibleDescender: 1
  m_pageToDisplay: 1
  m_margin: {x: 0, y: -11.480563, z: 53.4391, w: 20.749332}
  m_textInfo:
    textComponent: {fileID: 8177127310210983915}
    characterCount: 1
    spriteCount: 0
    spaceCount: 0
    wordCount: 1
    linkCount: 0
    lineCount: 1
    pageCount: 1
    materialCount: 1
  m_isUsingLegacyAnimationComponent: 0
  m_isVolumetricText: 0
  m_spriteAnimator: {fileID: 0}
  m_hasFontAssetChanged: 0
  m_subTextObjects:
  - {fileID: 0}
  - {fileID: 0}
  - {fileID: 0}
  - {fileID: 0}
  - {fileID: 0}
  - {fileID: 0}
  - {fileID: 0}
  - {fileID: 0}
  m_baseMaterial: {fileID: 0}
  m_maskOffset: {x: 0, y: 0, z: 0, w: 0}
--- !u!1 &8177127310227972726
GameObject:
  m_ObjectHideFlags: 0
  m_CorrespondingSourceObject: {fileID: 0}
  m_PrefabInstance: {fileID: 0}
  m_PrefabAsset: {fileID: 0}
  serializedVersion: 6
  m_Component:
  - component: {fileID: 8177127310227972725}
  - component: {fileID: 8177127310227972724}
  - component: {fileID: 8177127310227972727}
  m_Layer: 0
  m_Name: Text (TMP)
  m_TagString: Untagged
  m_Icon: {fileID: 0}
  m_NavMeshLayer: 0
  m_StaticEditorFlags: 0
  m_IsActive: 1
--- !u!224 &8177127310227972725
RectTransform:
  m_ObjectHideFlags: 0
  m_CorrespondingSourceObject: {fileID: 0}
  m_PrefabInstance: {fileID: 0}
  m_PrefabAsset: {fileID: 0}
  m_GameObject: {fileID: 8177127310227972726}
  m_LocalRotation: {x: 0.740933, y: -0, z: -0, w: 0.67157894}
  m_LocalPosition: {x: 0, y: 0, z: -0.113}
  m_LocalScale: {x: 0.0033008335, y: 0.004358917, z: 0.004358917}
  m_Children: []
  m_Father: {fileID: 8177127310079571727}
  m_RootOrder: 0
  m_LocalEulerAnglesHint: {x: 95.62201, y: -0.000015258789, z: -0.000015258789}
  m_AnchorMin: {x: 0.5, y: 0.5}
  m_AnchorMax: {x: 0.5, y: 0.5}
  m_AnchoredPosition: {x: -1081.1631, y: -539.9431}
  m_SizeDelta: {x: 200, y: 50}
  m_Pivot: {x: 0.5, y: 0.5}
--- !u!222 &8177127310227972724
CanvasRenderer:
  m_ObjectHideFlags: 0
  m_CorrespondingSourceObject: {fileID: 0}
  m_PrefabInstance: {fileID: 0}
  m_PrefabAsset: {fileID: 0}
  m_GameObject: {fileID: 8177127310227972726}
  m_CullTransparentMesh: 0
--- !u!114 &8177127310227972727
MonoBehaviour:
  m_ObjectHideFlags: 0
  m_CorrespondingSourceObject: {fileID: 0}
  m_PrefabInstance: {fileID: 0}
  m_PrefabAsset: {fileID: 0}
  m_GameObject: {fileID: 8177127310227972726}
  m_Enabled: 1
  m_EditorHideFlags: 0
  m_Script: {fileID: 11500000, guid: f4688fdb7df04437aeb418b961361dc5, type: 3}
  m_Name: 
  m_EditorClassIdentifier: 
  m_Material: {fileID: 0}
  m_Color: {r: 1, g: 1, b: 1, a: 1}
  m_RaycastTarget: 1
  m_OnCullStateChanged:
    m_PersistentCalls:
      m_Calls: []
    m_TypeName: UnityEngine.UI.MaskableGraphic+CullStateChangedEvent, UnityEngine.UI,
      Version=1.0.0.0, Culture=neutral, PublicKeyToken=null
  m_text: 
  m_isRightToLeft: 0
  m_fontAsset: {fileID: 11400000, guid: 8f586378b4e144a9851e7b34d9b748ee, type: 2}
  m_sharedMaterial: {fileID: 2180264, guid: 8f586378b4e144a9851e7b34d9b748ee, type: 2}
  m_fontSharedMaterials: []
  m_fontMaterial: {fileID: 0}
  m_fontMaterials: []
  m_fontColor32:
    serializedVersion: 2
    rgba: 4280361256
  m_fontColor: {r: 0.16037738, g: 0.132387, b: 0.132387, a: 1}
  m_enableVertexGradient: 0
  m_colorMode: 3
  m_fontColorGradient:
    topLeft: {r: 1, g: 1, b: 1, a: 1}
    topRight: {r: 1, g: 1, b: 1, a: 1}
    bottomLeft: {r: 1, g: 1, b: 1, a: 1}
    bottomRight: {r: 1, g: 1, b: 1, a: 1}
  m_fontColorGradientPreset: {fileID: 0}
  m_spriteAsset: {fileID: 0}
  m_tintAllSprites: 0
  m_overrideHtmlColors: 0
  m_faceColor:
    serializedVersion: 2
    rgba: 4294967295
  m_outlineColor:
    serializedVersion: 2
    rgba: 4278190080
  m_fontSize: 25.6
  m_fontSizeBase: 25.6
  m_fontWeight: 400
  m_enableAutoSizing: 0
  m_fontSizeMin: 18
  m_fontSizeMax: 72
  m_fontStyle: 0
  m_textAlignment: 260
  m_characterSpacing: 0
  m_wordSpacing: 0
  m_lineSpacing: 0
  m_lineSpacingMax: 0
  m_paragraphSpacing: 0
  m_charWidthMaxAdj: 0
  m_enableWordWrapping: 1
  m_wordWrappingRatios: 0.4
  m_overflowMode: 0
  m_firstOverflowCharacterIndex: -1
  m_linkedTextComponent: {fileID: 0}
  m_isLinkedTextComponent: 0
  m_isTextTruncated: 0
  m_enableKerning: 1
  m_enableExtraPadding: 0
  checkPaddingRequired: 0
  m_isRichText: 1
  m_parseCtrlCharacters: 1
  m_isOrthographic: 1
  m_isCullingEnabled: 0
  m_ignoreRectMaskCulling: 0
  m_ignoreCulling: 1
  m_horizontalMapping: 0
  m_verticalMapping: 0
  m_uvLineOffset: 0
  m_geometrySortingOrder: 0
  m_VertexBufferAutoSizeReduction: 1
  m_firstVisibleCharacter: 0
  m_useMaxVisibleDescender: 1
  m_pageToDisplay: 1
  m_margin: {x: 0, y: -11.480563, z: 53.4391, w: 20.749332}
  m_textInfo:
    textComponent: {fileID: 8177127310227972727}
    characterCount: 0
    spriteCount: 0
    spaceCount: 0
    wordCount: 0
    linkCount: 0
    lineCount: 0
    pageCount: 0
    materialCount: 1
  m_isUsingLegacyAnimationComponent: 0
  m_isVolumetricText: 0
  m_spriteAnimator: {fileID: 0}
  m_hasFontAssetChanged: 0
  m_subTextObjects:
  - {fileID: 0}
  - {fileID: 0}
  - {fileID: 0}
  - {fileID: 0}
  - {fileID: 0}
  - {fileID: 0}
  - {fileID: 0}
  - {fileID: 0}
  m_baseMaterial: {fileID: 0}
  m_maskOffset: {x: 0, y: 0, z: 0, w: 0}
--- !u!1 &8177127310235980425
GameObject:
  m_ObjectHideFlags: 0
  m_CorrespondingSourceObject: {fileID: 0}
  m_PrefabInstance: {fileID: 0}
  m_PrefabAsset: {fileID: 0}
  serializedVersion: 6
  m_Component:
  - component: {fileID: 8177127310235980430}
  m_Layer: 0
  m_Name: wp1
  m_TagString: Untagged
  m_Icon: {fileID: 419385456094870383, guid: 0000000000000000d000000000000000, type: 0}
  m_NavMeshLayer: 0
  m_StaticEditorFlags: 0
  m_IsActive: 1
--- !u!4 &8177127310235980430
Transform:
  m_ObjectHideFlags: 0
  m_CorrespondingSourceObject: {fileID: 0}
  m_PrefabInstance: {fileID: 0}
  m_PrefabAsset: {fileID: 0}
  m_GameObject: {fileID: 8177127310235980425}
  m_LocalRotation: {x: -0, y: -0, z: -0, w: 1}
  m_LocalPosition: {x: -0.8225113, y: 3.414749, z: -5.3649144}
  m_LocalScale: {x: 50, y: 50, z: 50}
  m_Children: []
  m_Father: {fileID: 8177127308991862832}
  m_RootOrder: 0
  m_LocalEulerAnglesHint: {x: 0, y: 0, z: 0}
--- !u!1 &8177127310236804589
GameObject:
  m_ObjectHideFlags: 0
  m_CorrespondingSourceObject: {fileID: 0}
  m_PrefabInstance: {fileID: 0}
  m_PrefabAsset: {fileID: 0}
  serializedVersion: 6
  m_Component:
  - component: {fileID: 8177127310236804562}
  m_Layer: 0
  m_Name: NewSpawnPoint
  m_TagString: Untagged
  m_Icon: {fileID: 0}
  m_NavMeshLayer: 0
  m_StaticEditorFlags: 0
  m_IsActive: 1
--- !u!4 &8177127310236804562
Transform:
  m_ObjectHideFlags: 0
  m_CorrespondingSourceObject: {fileID: 0}
  m_PrefabInstance: {fileID: 0}
  m_PrefabAsset: {fileID: 0}
  m_GameObject: {fileID: 8177127310236804589}
  m_LocalRotation: {x: -0, y: -0, z: -0, w: 1}
  m_LocalPosition: {x: -0.8225113, y: 3.414749, z: -3.41}
  m_LocalScale: {x: 50, y: 50, z: 50}
  m_Children: []
  m_Father: {fileID: 8177127308991862832}
  m_RootOrder: 13
  m_LocalEulerAnglesHint: {x: 0, y: 0, z: 0}
--- !u!1 &8177127310268449184
GameObject:
  m_ObjectHideFlags: 0
  m_CorrespondingSourceObject: {fileID: 0}
  m_PrefabInstance: {fileID: 0}
  m_PrefabAsset: {fileID: 0}
  serializedVersion: 6
  m_Component:
  - component: {fileID: 8177127310268449185}
  m_Layer: 0
  m_Name: wp10
  m_TagString: Untagged
  m_Icon: {fileID: 419385456094870383, guid: 0000000000000000d000000000000000, type: 0}
  m_NavMeshLayer: 0
  m_StaticEditorFlags: 0
  m_IsActive: 1
--- !u!4 &8177127310268449185
Transform:
  m_ObjectHideFlags: 0
  m_CorrespondingSourceObject: {fileID: 0}
  m_PrefabInstance: {fileID: 0}
  m_PrefabAsset: {fileID: 0}
  m_GameObject: {fileID: 8177127310268449184}
  m_LocalRotation: {x: -0, y: -0, z: -0, w: 1}
  m_LocalPosition: {x: 28.9, y: 3.414749, z: -11.78}
  m_LocalScale: {x: 50, y: 50, z: 50}
  m_Children: []
  m_Father: {fileID: 8177127308991862832}
  m_RootOrder: 9
  m_LocalEulerAnglesHint: {x: 0, y: 0, z: 0}
--- !u!1 &8177127310299302880
GameObject:
  m_ObjectHideFlags: 0
  m_CorrespondingSourceObject: {fileID: 0}
  m_PrefabInstance: {fileID: 0}
  m_PrefabAsset: {fileID: 0}
  serializedVersion: 6
  m_Component:
  - component: {fileID: 8177127310299302881}
  m_Layer: 0
  m_Name: wp11
  m_TagString: Untagged
  m_Icon: {fileID: 419385456094870383, guid: 0000000000000000d000000000000000, type: 0}
  m_NavMeshLayer: 0
  m_StaticEditorFlags: 0
  m_IsActive: 1
--- !u!4 &8177127310299302881
Transform:
  m_ObjectHideFlags: 0
  m_CorrespondingSourceObject: {fileID: 0}
  m_PrefabInstance: {fileID: 0}
  m_PrefabAsset: {fileID: 0}
  m_GameObject: {fileID: 8177127310299302880}
  m_LocalRotation: {x: -0, y: -0, z: -0, w: 1}
  m_LocalPosition: {x: 28.652489, y: 3.414749, z: -13.71}
  m_LocalScale: {x: 50, y: 50, z: 50}
  m_Children: []
  m_Father: {fileID: 8177127308991862832}
  m_RootOrder: 10
  m_LocalEulerAnglesHint: {x: 0, y: 0, z: 0}
--- !u!1001 &2682796965947053793
PrefabInstance:
  m_ObjectHideFlags: 0
  serializedVersion: 2
  m_Modification:
    m_TransformParent: {fileID: 8177127309569689554}
    m_Modifications:
    - target: {fileID: 2930885093505189869, guid: 6b080df11841dec40a708900dd48b002,
        type: 3}
      propertyPath: m_Name
      value: Pipes
      objectReference: {fileID: 0}
    - target: {fileID: 2930885093505189874, guid: 6b080df11841dec40a708900dd48b002,
        type: 3}
      propertyPath: m_LocalPosition.x
      value: 11.482489
      objectReference: {fileID: 0}
    - target: {fileID: 2930885093505189874, guid: 6b080df11841dec40a708900dd48b002,
        type: 3}
      propertyPath: m_LocalPosition.y
      value: 4.322819
      objectReference: {fileID: 0}
    - target: {fileID: 2930885093505189874, guid: 6b080df11841dec40a708900dd48b002,
        type: 3}
      propertyPath: m_LocalPosition.z
      value: -6.9449143
      objectReference: {fileID: 0}
    - target: {fileID: 2930885093505189874, guid: 6b080df11841dec40a708900dd48b002,
        type: 3}
      propertyPath: m_LocalRotation.x
      value: -0
      objectReference: {fileID: 0}
    - target: {fileID: 2930885093505189874, guid: 6b080df11841dec40a708900dd48b002,
        type: 3}
      propertyPath: m_LocalRotation.y
      value: -0
      objectReference: {fileID: 0}
    - target: {fileID: 2930885093505189874, guid: 6b080df11841dec40a708900dd48b002,
        type: 3}
      propertyPath: m_LocalRotation.z
      value: -0
      objectReference: {fileID: 0}
    - target: {fileID: 2930885093505189874, guid: 6b080df11841dec40a708900dd48b002,
        type: 3}
      propertyPath: m_LocalRotation.w
      value: 1
      objectReference: {fileID: 0}
    - target: {fileID: 2930885093505189874, guid: 6b080df11841dec40a708900dd48b002,
        type: 3}
      propertyPath: m_RootOrder
      value: 1
      objectReference: {fileID: 0}
    - target: {fileID: 2930885093505189874, guid: 6b080df11841dec40a708900dd48b002,
        type: 3}
      propertyPath: m_LocalEulerAnglesHint.x
      value: 0
      objectReference: {fileID: 0}
    - target: {fileID: 2930885093505189874, guid: 6b080df11841dec40a708900dd48b002,
        type: 3}
      propertyPath: m_LocalEulerAnglesHint.y
      value: 0
      objectReference: {fileID: 0}
    - target: {fileID: 2930885093505189874, guid: 6b080df11841dec40a708900dd48b002,
        type: 3}
      propertyPath: m_LocalEulerAnglesHint.z
      value: 0
      objectReference: {fileID: 0}
    - target: {fileID: 2930885092369980499, guid: 6b080df11841dec40a708900dd48b002,
        type: 3}
      propertyPath: m_Materials.Array.data[0]
      value: 
      objectReference: {fileID: 2100000, guid: b92ed83fa606bdc40823239ac863fd0b, type: 2}
    - target: {fileID: 2930885092415150156, guid: 6b080df11841dec40a708900dd48b002,
        type: 3}
      propertyPath: m_Materials.Array.data[0]
      value: 
      objectReference: {fileID: 2100000, guid: b92ed83fa606bdc40823239ac863fd0b, type: 2}
    - target: {fileID: 2930885092522341520, guid: 6b080df11841dec40a708900dd48b002,
        type: 3}
      propertyPath: m_Materials.Array.data[0]
      value: 
      objectReference: {fileID: 2100000, guid: b92ed83fa606bdc40823239ac863fd0b, type: 2}
    - target: {fileID: 2930885092556747382, guid: 6b080df11841dec40a708900dd48b002,
        type: 3}
      propertyPath: m_Materials.Array.data[0]
      value: 
      objectReference: {fileID: 2100000, guid: b92ed83fa606bdc40823239ac863fd0b, type: 2}
    - target: {fileID: 2930885092659035956, guid: 6b080df11841dec40a708900dd48b002,
        type: 3}
      propertyPath: m_Materials.Array.data[0]
      value: 
      objectReference: {fileID: 2100000, guid: b92ed83fa606bdc40823239ac863fd0b, type: 2}
    - target: {fileID: 2930885093403119659, guid: 6b080df11841dec40a708900dd48b002,
        type: 3}
      propertyPath: m_Materials.Array.data[0]
      value: 
      objectReference: {fileID: 2100000, guid: b92ed83fa606bdc40823239ac863fd0b, type: 2}
    - target: {fileID: 2930885093683633240, guid: 6b080df11841dec40a708900dd48b002,
        type: 3}
      propertyPath: m_Materials.Array.data[0]
      value: 
      objectReference: {fileID: 2100000, guid: b92ed83fa606bdc40823239ac863fd0b, type: 2}
    - target: {fileID: 2930885093827174020, guid: 6b080df11841dec40a708900dd48b002,
        type: 3}
      propertyPath: m_Materials.Array.data[0]
      value: 
      objectReference: {fileID: 2100000, guid: b92ed83fa606bdc40823239ac863fd0b, type: 2}
    - target: {fileID: 2930885094288874735, guid: 6b080df11841dec40a708900dd48b002,
        type: 3}
      propertyPath: m_Materials.Array.data[0]
      value: 
      objectReference: {fileID: 2100000, guid: b92ed83fa606bdc40823239ac863fd0b, type: 2}
    - target: {fileID: 6071354047608326392, guid: 6b080df11841dec40a708900dd48b002,
        type: 3}
      propertyPath: m_Materials.Array.data[0]
      value: 
      objectReference: {fileID: 2100000, guid: b92ed83fa606bdc40823239ac863fd0b, type: 2}
    - target: {fileID: 6071354047789530217, guid: 6b080df11841dec40a708900dd48b002,
        type: 3}
      propertyPath: m_Materials.Array.data[0]
      value: 
      objectReference: {fileID: 2100000, guid: b92ed83fa606bdc40823239ac863fd0b, type: 2}
    - target: {fileID: 6071354048093912764, guid: 6b080df11841dec40a708900dd48b002,
        type: 3}
      propertyPath: m_Materials.Array.data[0]
      value: 
      objectReference: {fileID: 2100000, guid: b92ed83fa606bdc40823239ac863fd0b, type: 2}
    - target: {fileID: 6071354048592537344, guid: 6b080df11841dec40a708900dd48b002,
        type: 3}
      propertyPath: m_Materials.Array.data[0]
      value: 
      objectReference: {fileID: 2100000, guid: b92ed83fa606bdc40823239ac863fd0b, type: 2}
    - target: {fileID: 6071354048604061098, guid: 6b080df11841dec40a708900dd48b002,
        type: 3}
      propertyPath: m_Materials.Array.data[0]
      value: 
      objectReference: {fileID: 2100000, guid: b92ed83fa606bdc40823239ac863fd0b, type: 2}
    m_RemovedComponents: []
  m_SourcePrefab: {fileID: 100100000, guid: 6b080df11841dec40a708900dd48b002, type: 3}
--- !u!4 &979442581095600403 stripped
Transform:
  m_CorrespondingSourceObject: {fileID: 2930885093505189874, guid: 6b080df11841dec40a708900dd48b002,
    type: 3}
  m_PrefabInstance: {fileID: 2682796965947053793}
  m_PrefabAsset: {fileID: 0}
--- !u!1001 &8177127309980982970
PrefabInstance:
  m_ObjectHideFlags: 0
  serializedVersion: 2
  m_Modification:
    m_TransformParent: {fileID: 8177127309569689554}
    m_Modifications:
    - target: {fileID: 100000, guid: 5735468c0a81f8444b2fe0d818daafbc, type: 3}
      propertyPath: m_Name
      value: BatterySeries2
      objectReference: {fileID: 0}
    - target: {fileID: 100000, guid: 5735468c0a81f8444b2fe0d818daafbc, type: 3}
      propertyPath: m_TagString
      value: battery2
      objectReference: {fileID: 0}
    - target: {fileID: 400000, guid: 5735468c0a81f8444b2fe0d818daafbc, type: 3}
      propertyPath: m_LocalPosition.x
      value: -0.6175116
      objectReference: {fileID: 0}
    - target: {fileID: 400000, guid: 5735468c0a81f8444b2fe0d818daafbc, type: 3}
      propertyPath: m_LocalPosition.y
      value: 3.414749
      objectReference: {fileID: 0}
    - target: {fileID: 400000, guid: 5735468c0a81f8444b2fe0d818daafbc, type: 3}
      propertyPath: m_LocalPosition.z
      value: -7.244915
      objectReference: {fileID: 0}
    - target: {fileID: 400000, guid: 5735468c0a81f8444b2fe0d818daafbc, type: 3}
      propertyPath: m_LocalRotation.x
      value: -0.7071068
      objectReference: {fileID: 0}
    - target: {fileID: 400000, guid: 5735468c0a81f8444b2fe0d818daafbc, type: 3}
      propertyPath: m_LocalRotation.y
      value: -0
      objectReference: {fileID: 0}
    - target: {fileID: 400000, guid: 5735468c0a81f8444b2fe0d818daafbc, type: 3}
      propertyPath: m_LocalRotation.z
      value: -0
      objectReference: {fileID: 0}
    - target: {fileID: 400000, guid: 5735468c0a81f8444b2fe0d818daafbc, type: 3}
      propertyPath: m_LocalRotation.w
      value: 0.7071067
      objectReference: {fileID: 0}
    - target: {fileID: 400000, guid: 5735468c0a81f8444b2fe0d818daafbc, type: 3}
      propertyPath: m_RootOrder
      value: 3
      objectReference: {fileID: 0}
    - target: {fileID: 400000, guid: 5735468c0a81f8444b2fe0d818daafbc, type: 3}
      propertyPath: m_LocalEulerAnglesHint.x
      value: 0
      objectReference: {fileID: 0}
    - target: {fileID: 400000, guid: 5735468c0a81f8444b2fe0d818daafbc, type: 3}
      propertyPath: m_LocalEulerAnglesHint.y
      value: 0
      objectReference: {fileID: 0}
    - target: {fileID: 400000, guid: 5735468c0a81f8444b2fe0d818daafbc, type: 3}
      propertyPath: m_LocalEulerAnglesHint.z
      value: 0
      objectReference: {fileID: 0}
    - target: {fileID: 400000, guid: 5735468c0a81f8444b2fe0d818daafbc, type: 3}
      propertyPath: m_LocalScale.x
      value: 160
      objectReference: {fileID: 0}
    - target: {fileID: 400000, guid: 5735468c0a81f8444b2fe0d818daafbc, type: 3}
      propertyPath: m_LocalScale.y
      value: 160
      objectReference: {fileID: 0}
    - target: {fileID: 400000, guid: 5735468c0a81f8444b2fe0d818daafbc, type: 3}
      propertyPath: m_LocalScale.z
      value: 43.899986
      objectReference: {fileID: 0}
    - target: {fileID: 2300000, guid: 5735468c0a81f8444b2fe0d818daafbc, type: 3}
      propertyPath: m_Materials.Array.data[0]
      value: 
      objectReference: {fileID: 2100000, guid: 3794f8d1b0fea1348ade1d32b56ac477, type: 2}
    m_RemovedComponents: []
  m_SourcePrefab: {fileID: 100100000, guid: 5735468c0a81f8444b2fe0d818daafbc, type: 3}
--- !u!1 &8177127309980882970 stripped
GameObject:
  m_CorrespondingSourceObject: {fileID: 100000, guid: 5735468c0a81f8444b2fe0d818daafbc,
    type: 3}
  m_PrefabInstance: {fileID: 8177127309980982970}
  m_PrefabAsset: {fileID: 0}
--- !u!4 &8177127309980582970 stripped
Transform:
  m_CorrespondingSourceObject: {fileID: 400000, guid: 5735468c0a81f8444b2fe0d818daafbc,
    type: 3}
  m_PrefabInstance: {fileID: 8177127309980982970}
  m_PrefabAsset: {fileID: 0}
--- !u!1001 &8177127310591604764
PrefabInstance:
  m_ObjectHideFlags: 0
  serializedVersion: 2
  m_Modification:
    m_TransformParent: {fileID: 8177127309569689554}
    m_Modifications:
    - target: {fileID: 100000, guid: 5735468c0a81f8444b2fe0d818daafbc, type: 3}
      propertyPath: m_Name
      value: BatterySeries1
      objectReference: {fileID: 0}
    - target: {fileID: 100000, guid: 5735468c0a81f8444b2fe0d818daafbc, type: 3}
      propertyPath: m_TagString
      value: battery1
      objectReference: {fileID: 0}
    - target: {fileID: 400000, guid: 5735468c0a81f8444b2fe0d818daafbc, type: 3}
      propertyPath: m_LocalPosition.x
      value: 10.772489
      objectReference: {fileID: 0}
    - target: {fileID: 400000, guid: 5735468c0a81f8444b2fe0d818daafbc, type: 3}
      propertyPath: m_LocalPosition.y
      value: 3.744749
      objectReference: {fileID: 0}
    - target: {fileID: 400000, guid: 5735468c0a81f8444b2fe0d818daafbc, type: 3}
      propertyPath: m_LocalPosition.z
      value: -7.124914
      objectReference: {fileID: 0}
    - target: {fileID: 400000, guid: 5735468c0a81f8444b2fe0d818daafbc, type: 3}
      propertyPath: m_LocalRotation.x
      value: -0.7071068
      objectReference: {fileID: 0}
    - target: {fileID: 400000, guid: 5735468c0a81f8444b2fe0d818daafbc, type: 3}
      propertyPath: m_LocalRotation.y
      value: -0
      objectReference: {fileID: 0}
    - target: {fileID: 400000, guid: 5735468c0a81f8444b2fe0d818daafbc, type: 3}
      propertyPath: m_LocalRotation.z
      value: -0
      objectReference: {fileID: 0}
    - target: {fileID: 400000, guid: 5735468c0a81f8444b2fe0d818daafbc, type: 3}
      propertyPath: m_LocalRotation.w
      value: 0.7071067
      objectReference: {fileID: 0}
    - target: {fileID: 400000, guid: 5735468c0a81f8444b2fe0d818daafbc, type: 3}
      propertyPath: m_RootOrder
      value: 2
      objectReference: {fileID: 0}
    - target: {fileID: 400000, guid: 5735468c0a81f8444b2fe0d818daafbc, type: 3}
      propertyPath: m_LocalEulerAnglesHint.x
      value: 0
      objectReference: {fileID: 0}
    - target: {fileID: 400000, guid: 5735468c0a81f8444b2fe0d818daafbc, type: 3}
      propertyPath: m_LocalEulerAnglesHint.y
      value: 0
      objectReference: {fileID: 0}
    - target: {fileID: 400000, guid: 5735468c0a81f8444b2fe0d818daafbc, type: 3}
      propertyPath: m_LocalEulerAnglesHint.z
      value: 0
      objectReference: {fileID: 0}
    - target: {fileID: 400000, guid: 5735468c0a81f8444b2fe0d818daafbc, type: 3}
      propertyPath: m_LocalScale.x
      value: 160
      objectReference: {fileID: 0}
    - target: {fileID: 400000, guid: 5735468c0a81f8444b2fe0d818daafbc, type: 3}
      propertyPath: m_LocalScale.y
      value: 160
      objectReference: {fileID: 0}
    - target: {fileID: 400000, guid: 5735468c0a81f8444b2fe0d818daafbc, type: 3}
      propertyPath: m_LocalScale.z
      value: 43.899986
      objectReference: {fileID: 0}
    - target: {fileID: 2300000, guid: 5735468c0a81f8444b2fe0d818daafbc, type: 3}
      propertyPath: m_Materials.Array.data[0]
      value: 
      objectReference: {fileID: 2100000, guid: 3794f8d1b0fea1348ade1d32b56ac477, type: 2}
    m_RemovedComponents: []
  m_SourcePrefab: {fileID: 100100000, guid: 5735468c0a81f8444b2fe0d818daafbc, type: 3}
--- !u!4 &8177127310591468188 stripped
Transform:
  m_CorrespondingSourceObject: {fileID: 400000, guid: 5735468c0a81f8444b2fe0d818daafbc,
    type: 3}
  m_PrefabInstance: {fileID: 8177127310591604764}
  m_PrefabAsset: {fileID: 0}
--- !u!1 &8177127310591573692 stripped
GameObject:
  m_CorrespondingSourceObject: {fileID: 100000, guid: 5735468c0a81f8444b2fe0d818daafbc,
    type: 3}
  m_PrefabInstance: {fileID: 8177127310591604764}
  m_PrefabAsset: {fileID: 0}
