%YAML 1.1
%TAG !u! tag:unity3d.com,2011:
--- !u!1 &2601128627311143395
GameObject:
  m_ObjectHideFlags: 0
  m_CorrespondingSourceObject: {fileID: 0}
  m_PrefabInstance: {fileID: 0}
  m_PrefabAsset: {fileID: 0}
  serializedVersion: 6
  m_Component:
  - component: {fileID: 2601128627311143394}
  m_Layer: 11
  m_Name: ShowcaseModelsShip
  m_TagString: Untagged
  m_Icon: {fileID: 0}
  m_NavMeshLayer: 0
  m_StaticEditorFlags: 0
  m_IsActive: 0
--- !u!4 &2601128627311143394
Transform:
  m_ObjectHideFlags: 0
  m_CorrespondingSourceObject: {fileID: 0}
  m_PrefabInstance: {fileID: 0}
  m_PrefabAsset: {fileID: 0}
  m_GameObject: {fileID: 2601128627311143395}
  m_LocalRotation: {x: -0.0038396236, y: -0, z: -0, w: 0.9999926}
  m_LocalPosition: {x: 22, y: 120, z: -176.3}
  m_LocalScale: {x: 5, y: 5, z: 5}
  m_Children:
  - {fileID: 2601128627597003417}
  - {fileID: 8067029150371176391}
  m_Father: {fileID: 0}
  m_RootOrder: 0
  m_LocalEulerAnglesHint: {x: -0.44, y: 0, z: 0}
--- !u!1 &2601128627597003418
GameObject:
  m_ObjectHideFlags: 0
  m_CorrespondingSourceObject: {fileID: 0}
  m_PrefabInstance: {fileID: 0}
  m_PrefabAsset: {fileID: 0}
  serializedVersion: 6
  m_Component:
  - component: {fileID: 2601128627597003417}
  - component: {fileID: 2601128627597003622}
  - component: {fileID: 2601128627597003623}
  - component: {fileID: 2601128627597003416}
  m_Layer: 11
  m_Name: Plane
  m_TagString: Untagged
  m_Icon: {fileID: 0}
  m_NavMeshLayer: 0
  m_StaticEditorFlags: 0
  m_IsActive: 0
--- !u!4 &2601128627597003417
Transform:
  m_ObjectHideFlags: 0
  m_CorrespondingSourceObject: {fileID: 0}
  m_PrefabInstance: {fileID: 0}
  m_PrefabAsset: {fileID: 0}
  m_GameObject: {fileID: 2601128627597003418}
  m_LocalRotation: {x: -0.18637913, y: 0.6993691, z: -0.1776897, w: 0.6667625}
  m_LocalPosition: {x: -8.300005, y: 49.800003, z: 316.90005}
  m_LocalScale: {x: 107.25387, y: 1.20985, z: 112.52832}
  m_Children: []
  m_Father: {fileID: 2601128627311143394}
  m_RootOrder: 0
  m_LocalEulerAnglesHint: {x: 0, y: 92.735, z: -29.845001}
--- !u!33 &2601128627597003622
MeshFilter:
  m_ObjectHideFlags: 0
  m_CorrespondingSourceObject: {fileID: 0}
  m_PrefabInstance: {fileID: 0}
  m_PrefabAsset: {fileID: 0}
  m_GameObject: {fileID: 2601128627597003418}
  m_Mesh: {fileID: 10209, guid: 0000000000000000e000000000000000, type: 0}
--- !u!23 &2601128627597003623
MeshRenderer:
  m_ObjectHideFlags: 0
  m_CorrespondingSourceObject: {fileID: 0}
  m_PrefabInstance: {fileID: 0}
  m_PrefabAsset: {fileID: 0}
  m_GameObject: {fileID: 2601128627597003418}
  m_Enabled: 1
  m_CastShadows: 1
  m_ReceiveShadows: 1
  m_DynamicOccludee: 1
  m_MotionVectors: 1
  m_LightProbeUsage: 1
  m_ReflectionProbeUsage: 1
  m_RenderingLayerMask: 1
  m_RendererPriority: 0
  m_Materials:
  - {fileID: 10303, guid: 0000000000000000f000000000000000, type: 0}
  m_StaticBatchInfo:
    firstSubMesh: 0
    subMeshCount: 0
  m_StaticBatchRoot: {fileID: 0}
  m_ProbeAnchor: {fileID: 0}
  m_LightProbeVolumeOverride: {fileID: 0}
  m_ScaleInLightmap: 1
  m_PreserveUVs: 0
  m_IgnoreNormalsForChartDetection: 0
  m_ImportantGI: 0
  m_StitchLightmapSeams: 0
  m_SelectedEditorRenderState: 3
  m_MinimumChartSize: 4
  m_AutoUVMaxDistance: 0.5
  m_AutoUVMaxAngle: 89
  m_LightmapParameters: {fileID: 0}
  m_SortingLayerID: 0
  m_SortingLayer: 0
  m_SortingOrder: 0
--- !u!64 &2601128627597003416
MeshCollider:
  m_ObjectHideFlags: 0
  m_CorrespondingSourceObject: {fileID: 0}
  m_PrefabInstance: {fileID: 0}
  m_PrefabAsset: {fileID: 0}
  m_GameObject: {fileID: 2601128627597003418}
  m_Material: {fileID: 0}
  m_IsTrigger: 0
  m_Enabled: 1
  serializedVersion: 3
  m_Convex: 0
  m_CookingOptions: 14
  m_Mesh: {fileID: 10209, guid: 0000000000000000e000000000000000, type: 0}
--- !u!1001 &2601128627613164050
PrefabInstance:
  m_ObjectHideFlags: 0
  serializedVersion: 2
  m_Modification:
    m_TransformParent: {fileID: 8067029150371176391}
    m_Modifications:
    - target: {fileID: 1271068990612302, guid: e3d109e1b4df760428e288679d91289c, type: 3}
      propertyPath: m_Name
      value: COTS_classic_blue_prefab
      objectReference: {fileID: 0}
    - target: {fileID: 1271068990612302, guid: e3d109e1b4df760428e288679d91289c, type: 3}
      propertyPath: m_Layer
      value: 11
      objectReference: {fileID: 0}
    - target: {fileID: 4247811245046008, guid: e3d109e1b4df760428e288679d91289c, type: 3}
      propertyPath: m_LocalPosition.x
      value: 0.45000002
      objectReference: {fileID: 0}
    - target: {fileID: 4247811245046008, guid: e3d109e1b4df760428e288679d91289c, type: 3}
      propertyPath: m_LocalPosition.y
      value: 3.100001
      objectReference: {fileID: 0}
    - target: {fileID: 4247811245046008, guid: e3d109e1b4df760428e288679d91289c, type: 3}
      propertyPath: m_LocalPosition.z
      value: 2
      objectReference: {fileID: 0}
    - target: {fileID: 4247811245046008, guid: e3d109e1b4df760428e288679d91289c, type: 3}
      propertyPath: m_LocalRotation.x
      value: -0
      objectReference: {fileID: 0}
    - target: {fileID: 4247811245046008, guid: e3d109e1b4df760428e288679d91289c, type: 3}
      propertyPath: m_LocalRotation.y
      value: -0
      objectReference: {fileID: 0}
    - target: {fileID: 4247811245046008, guid: e3d109e1b4df760428e288679d91289c, type: 3}
      propertyPath: m_LocalRotation.z
      value: -0
      objectReference: {fileID: 0}
    - target: {fileID: 4247811245046008, guid: e3d109e1b4df760428e288679d91289c, type: 3}
      propertyPath: m_LocalRotation.w
      value: 1
      objectReference: {fileID: 0}
    - target: {fileID: 4247811245046008, guid: e3d109e1b4df760428e288679d91289c, type: 3}
      propertyPath: m_RootOrder
      value: 2
      objectReference: {fileID: 0}
    - target: {fileID: 4247811245046008, guid: e3d109e1b4df760428e288679d91289c, type: 3}
      propertyPath: m_LocalEulerAnglesHint.x
      value: 0
      objectReference: {fileID: 0}
    - target: {fileID: 4247811245046008, guid: e3d109e1b4df760428e288679d91289c, type: 3}
      propertyPath: m_LocalEulerAnglesHint.y
      value: 0
      objectReference: {fileID: 0}
    - target: {fileID: 4247811245046008, guid: e3d109e1b4df760428e288679d91289c, type: 3}
      propertyPath: m_LocalEulerAnglesHint.z
      value: 0
      objectReference: {fileID: 0}
    - target: {fileID: 4247811245046008, guid: e3d109e1b4df760428e288679d91289c, type: 3}
      propertyPath: m_LocalScale.z
      value: 0.7968143
      objectReference: {fileID: 0}
    - target: {fileID: 4247811245046008, guid: e3d109e1b4df760428e288679d91289c, type: 3}
      propertyPath: m_LocalScale.y
      value: 2.0437753
      objectReference: {fileID: 0}
    m_RemovedComponents: []
  m_SourcePrefab: {fileID: 100100000, guid: e3d109e1b4df760428e288679d91289c, type: 3}
--- !u!1001 &8067029150371562819
PrefabInstance:
  m_ObjectHideFlags: 0
  serializedVersion: 2
  m_Modification:
    m_TransformParent: {fileID: 2601128627311143394}
    m_Modifications:
    - target: {fileID: 100004, guid: d3937929f055e204ebf3fbc847f40213, type: 3}
      propertyPath: m_Name
      value: platform
      objectReference: {fileID: 0}
    - target: {fileID: 400004, guid: d3937929f055e204ebf3fbc847f40213, type: 3}
      propertyPath: m_LocalPosition.x
      value: 0
      objectReference: {fileID: 0}
    - target: {fileID: 400004, guid: d3937929f055e204ebf3fbc847f40213, type: 3}
      propertyPath: m_LocalPosition.y
      value: 0
      objectReference: {fileID: 0}
    - target: {fileID: 400004, guid: d3937929f055e204ebf3fbc847f40213, type: 3}
      propertyPath: m_LocalPosition.z
      value: 0
      objectReference: {fileID: 0}
    - target: {fileID: 400004, guid: d3937929f055e204ebf3fbc847f40213, type: 3}
      propertyPath: m_LocalRotation.x
      value: 0
      objectReference: {fileID: 0}
    - target: {fileID: 400004, guid: d3937929f055e204ebf3fbc847f40213, type: 3}
      propertyPath: m_LocalRotation.y
      value: 0
      objectReference: {fileID: 0}
    - target: {fileID: 400004, guid: d3937929f055e204ebf3fbc847f40213, type: 3}
      propertyPath: m_LocalRotation.z
      value: 0
      objectReference: {fileID: 0}
    - target: {fileID: 400004, guid: d3937929f055e204ebf3fbc847f40213, type: 3}
      propertyPath: m_LocalRotation.w
      value: 1
      objectReference: {fileID: 0}
    - target: {fileID: 400004, guid: d3937929f055e204ebf3fbc847f40213, type: 3}
      propertyPath: m_RootOrder
      value: 1
      objectReference: {fileID: 0}
    - target: {fileID: 400004, guid: d3937929f055e204ebf3fbc847f40213, type: 3}
      propertyPath: m_LocalEulerAnglesHint.x
      value: 0
      objectReference: {fileID: 0}
    - target: {fileID: 400004, guid: d3937929f055e204ebf3fbc847f40213, type: 3}
      propertyPath: m_LocalEulerAnglesHint.y
      value: 0
      objectReference: {fileID: 0}
    - target: {fileID: 400004, guid: d3937929f055e204ebf3fbc847f40213, type: 3}
      propertyPath: m_LocalEulerAnglesHint.z
      value: 0
      objectReference: {fileID: 0}
    m_RemovedComponents: []
  m_SourcePrefab: {fileID: 100100000, guid: d3937929f055e204ebf3fbc847f40213, type: 3}
--- !u!4 &8067029150371176391 stripped
Transform:
  m_CorrespondingSourceObject: {fileID: 400004, guid: d3937929f055e204ebf3fbc847f40213,
    type: 3}
  m_PrefabInstance: {fileID: 8067029150371562819}
  m_PrefabAsset: {fileID: 0}
