%YAML 1.1
%TAG !u! tag:unity3d.com,2011:
--- !u!1 &1118287717279084749
GameObject:
  m_ObjectHideFlags: 0
  m_CorrespondingSourceObject: {fileID: 0}
  m_PrefabInstance: {fileID: 0}
  m_PrefabAsset: {fileID: 0}
  serializedVersion: 6
  m_Component:
  - component: {fileID: 1118287717279084748}
  m_Layer: 0
  m_Name: wpp6
  m_TagString: Untagged
  m_Icon: {fileID: 5132851093641282708, guid: 0000000000000000d000000000000000, type: 0}
  m_NavMeshLayer: 0
  m_StaticEditorFlags: 0
  m_IsActive: 1
--- !u!4 &1118287717279084748
Transform:
  m_ObjectHideFlags: 0
  m_CorrespondingSourceObject: {fileID: 0}
  m_PrefabInstance: {fileID: 0}
  m_PrefabAsset: {fileID: 0}
  m_GameObject: {fileID: 1118287717279084749}
  m_LocalRotation: {x: 0, y: 0, z: 0, w: 1}
  m_LocalPosition: {x: -0.0074, y: 0, z: -0.1329}
  m_LocalScale: {x: 1, y: 1, z: 1}
  m_Children: []
  m_Father: {fileID: 1118287718550542716}
  m_RootOrder: 5
  m_LocalEulerAnglesHint: {x: 0, y: 0, z: 0}
--- !u!1 &1118287717544907765
GameObject:
  m_ObjectHideFlags: 0
  m_CorrespondingSourceObject: {fileID: 0}
  m_PrefabInstance: {fileID: 0}
  m_PrefabAsset: {fileID: 0}
  serializedVersion: 6
  m_Component:
  - component: {fileID: 1118287717544907764}
  m_Layer: 0
  m_Name: NewSpawnPointParallel
  m_TagString: Untagged
  m_Icon: {fileID: 5132851093641282708, guid: 0000000000000000d000000000000000, type: 0}
  m_NavMeshLayer: 0
  m_StaticEditorFlags: 0
  m_IsActive: 1
--- !u!4 &1118287717544907764
Transform:
  m_ObjectHideFlags: 0
  m_CorrespondingSourceObject: {fileID: 0}
  m_PrefabInstance: {fileID: 0}
  m_PrefabAsset: {fileID: 0}
  m_GameObject: {fileID: 1118287717544907765}
  m_LocalRotation: {x: 0, y: 0, z: 0, w: 1}
  m_LocalPosition: {x: -0.2397, y: 0, z: 0.0668}
  m_LocalScale: {x: 1, y: 1, z: 1}
  m_Children: []
  m_Father: {fileID: 1118287718550542716}
  m_RootOrder: 12
  m_LocalEulerAnglesHint: {x: 0, y: 0, z: 0}
--- !u!1 &1118287717730387953
GameObject:
  m_ObjectHideFlags: 0
  m_CorrespondingSourceObject: {fileID: 0}
  m_PrefabInstance: {fileID: 0}
  m_PrefabAsset: {fileID: 0}
  serializedVersion: 6
  m_Component:
  - component: {fileID: 1118287717730387952}
  m_Layer: 0
  m_Name: wpp5
  m_TagString: Untagged
  m_Icon: {fileID: 5132851093641282708, guid: 0000000000000000d000000000000000, type: 0}
  m_NavMeshLayer: 0
  m_StaticEditorFlags: 0
  m_IsActive: 1
--- !u!4 &1118287717730387952
Transform:
  m_ObjectHideFlags: 0
  m_CorrespondingSourceObject: {fileID: 0}
  m_PrefabInstance: {fileID: 0}
  m_PrefabAsset: {fileID: 0}
  m_GameObject: {fileID: 1118287717730387953}
  m_LocalRotation: {x: 0, y: 0, z: 0, w: 1}
  m_LocalPosition: {x: -0.0074, y: 0, z: -0.057}
  m_LocalScale: {x: 1, y: 1, z: 1}
  m_Children: []
  m_Father: {fileID: 1118287718550542716}
  m_RootOrder: 4
  m_LocalEulerAnglesHint: {x: 0, y: 0, z: 0}
--- !u!1 &1118287717857454177
GameObject:
  m_ObjectHideFlags: 0
  m_CorrespondingSourceObject: {fileID: 0}
  m_PrefabInstance: {fileID: 0}
  m_PrefabAsset: {fileID: 0}
  serializedVersion: 6
  m_Component:
  - component: {fileID: 1118287717857454176}
  m_Layer: 0
  m_Name: wpp4
  m_TagString: Untagged
  m_Icon: {fileID: 5132851093641282708, guid: 0000000000000000d000000000000000, type: 0}
  m_NavMeshLayer: 0
  m_StaticEditorFlags: 0
  m_IsActive: 1
--- !u!4 &1118287717857454176
Transform:
  m_ObjectHideFlags: 0
  m_CorrespondingSourceObject: {fileID: 0}
  m_PrefabInstance: {fileID: 0}
  m_PrefabAsset: {fileID: 0}
  m_GameObject: {fileID: 1118287717857454177}
  m_LocalRotation: {x: 0, y: 0, z: 0, w: 1}
  m_LocalPosition: {x: -0.0074, y: 0, z: 0.0436}
  m_LocalScale: {x: 1, y: 1, z: 1}
  m_Children: []
  m_Father: {fileID: 1118287718550542716}
  m_RootOrder: 3
  m_LocalEulerAnglesHint: {x: 0, y: 0, z: 0}
--- !u!1 &1118287717882572622
GameObject:
  m_ObjectHideFlags: 0
  m_CorrespondingSourceObject: {fileID: 0}
  m_PrefabInstance: {fileID: 0}
  m_PrefabAsset: {fileID: 0}
  serializedVersion: 6
  m_Component:
  - component: {fileID: 1118287717882572621}
  m_Layer: 0
  m_Name: wpp7
  m_TagString: Untagged
  m_Icon: {fileID: 5132851093641282708, guid: 0000000000000000d000000000000000, type: 0}
  m_NavMeshLayer: 0
  m_StaticEditorFlags: 0
  m_IsActive: 1
--- !u!4 &1118287717882572621
Transform:
  m_ObjectHideFlags: 0
  m_CorrespondingSourceObject: {fileID: 0}
  m_PrefabInstance: {fileID: 0}
  m_PrefabAsset: {fileID: 0}
  m_GameObject: {fileID: 1118287717882572622}
  m_LocalRotation: {x: 0, y: 0, z: 0, w: 1}
  m_LocalPosition: {x: -0.235, y: 0, z: -0.1329}
  m_LocalScale: {x: 1, y: 1, z: 1}
  m_Children: []
  m_Father: {fileID: 1118287718550542716}
  m_RootOrder: 6
  m_LocalEulerAnglesHint: {x: 0, y: 0, z: 0}
--- !u!1 &1118287717924573405
GameObject:
  m_ObjectHideFlags: 0
  m_CorrespondingSourceObject: {fileID: 0}
  m_PrefabInstance: {fileID: 0}
  m_PrefabAsset: {fileID: 0}
  serializedVersion: 6
  m_Component:
  - component: {fileID: 1118287717924573404}
  m_Layer: 0
  m_Name: wpp12
  m_TagString: Untagged
  m_Icon: {fileID: 5132851093641282708, guid: 0000000000000000d000000000000000, type: 0}
  m_NavMeshLayer: 0
  m_StaticEditorFlags: 0
  m_IsActive: 1
--- !u!4 &1118287717924573404
Transform:
  m_ObjectHideFlags: 0
  m_CorrespondingSourceObject: {fileID: 0}
  m_PrefabInstance: {fileID: 0}
  m_PrefabAsset: {fileID: 0}
  m_GameObject: {fileID: 1118287717924573405}
  m_LocalRotation: {x: 0, y: 0, z: 0, w: 1}
  m_LocalPosition: {x: 0.3513, y: 0, z: -0.1288}
  m_LocalScale: {x: 1, y: 1, z: 1}
  m_Children: []
  m_Father: {fileID: 1118287718550542716}
  m_RootOrder: 11
  m_LocalEulerAnglesHint: {x: 0, y: 0, z: 0}
--- !u!1 &1118287717990248147
GameObject:
  m_ObjectHideFlags: 0
  m_CorrespondingSourceObject: {fileID: 0}
  m_PrefabInstance: {fileID: 0}
  m_PrefabAsset: {fileID: 0}
  serializedVersion: 6
  m_Component:
  - component: {fileID: 1118287717990248146}
  m_Layer: 0
  m_Name: wpp11
  m_TagString: Untagged
  m_Icon: {fileID: 5132851093641282708, guid: 0000000000000000d000000000000000, type: 0}
  m_NavMeshLayer: 0
  m_StaticEditorFlags: 0
  m_IsActive: 1
--- !u!4 &1118287717990248146
Transform:
  m_ObjectHideFlags: 0
  m_CorrespondingSourceObject: {fileID: 0}
  m_PrefabInstance: {fileID: 0}
  m_PrefabAsset: {fileID: 0}
  m_GameObject: {fileID: 1118287717990248147}
  m_LocalRotation: {x: 0, y: 0, z: 0, w: 1}
  m_LocalPosition: {x: 0.3513, y: 0, z: -0.0865}
  m_LocalScale: {x: 1, y: 1, z: 1}
  m_Children: []
  m_Father: {fileID: 1118287718550542716}
  m_RootOrder: 10
  m_LocalEulerAnglesHint: {x: 0, y: 0, z: 0}
--- !u!1 &1118287718160010452
GameObject:
  m_ObjectHideFlags: 0
  m_CorrespondingSourceObject: {fileID: 0}
  m_PrefabInstance: {fileID: 0}
  m_PrefabAsset: {fileID: 0}
  serializedVersion: 6
  m_Component:
  - component: {fileID: 1118287718160010443}
  m_Layer: 0
  m_Name: wpp1
  m_TagString: Untagged
  m_Icon: {fileID: 5132851093641282708, guid: 0000000000000000d000000000000000, type: 0}
  m_NavMeshLayer: 0
  m_StaticEditorFlags: 0
  m_IsActive: 1
--- !u!4 &1118287718160010443
Transform:
  m_ObjectHideFlags: 0
  m_CorrespondingSourceObject: {fileID: 0}
  m_PrefabInstance: {fileID: 0}
  m_PrefabAsset: {fileID: 0}
  m_GameObject: {fileID: 1118287718160010452}
  m_LocalRotation: {x: 0, y: 0, z: 0, w: 1}
  m_LocalPosition: {x: -0.2397, y: 0, z: 0.0456}
  m_LocalScale: {x: 1, y: 1, z: 1}
  m_Children: []
  m_Father: {fileID: 1118287718550542716}
  m_RootOrder: 0
  m_LocalEulerAnglesHint: {x: 0, y: 0, z: 0}
--- !u!1 &1118287718161816860
GameObject:
  m_ObjectHideFlags: 0
  m_CorrespondingSourceObject: {fileID: 0}
  m_PrefabInstance: {fileID: 0}
  m_PrefabAsset: {fileID: 0}
  serializedVersion: 6
  m_Component:
  - component: {fileID: 1118287718161816851}
  m_Layer: 0
  m_Name: wpp3
  m_TagString: Untagged
  m_Icon: {fileID: 5132851093641282708, guid: 0000000000000000d000000000000000, type: 0}
  m_NavMeshLayer: 0
  m_StaticEditorFlags: 0
  m_IsActive: 1
--- !u!4 &1118287718161816851
Transform:
  m_ObjectHideFlags: 0
  m_CorrespondingSourceObject: {fileID: 0}
  m_PrefabInstance: {fileID: 0}
  m_PrefabAsset: {fileID: 0}
  m_GameObject: {fileID: 1118287718161816860}
  m_LocalRotation: {x: 0, y: 0, z: 0, w: 1}
  m_LocalPosition: {x: -0.0074, y: 0, z: 0.0869}
  m_LocalScale: {x: 1, y: 1, z: 1}
  m_Children: []
  m_Father: {fileID: 1118287718550542716}
  m_RootOrder: 2
  m_LocalEulerAnglesHint: {x: 0, y: 0, z: 0}
--- !u!1 &1118287718228842238
GameObject:
  m_ObjectHideFlags: 0
  m_CorrespondingSourceObject: {fileID: 0}
  m_PrefabInstance: {fileID: 0}
  m_PrefabAsset: {fileID: 0}
  serializedVersion: 6
  m_Component:
  - component: {fileID: 1118287718228842237}
  m_Layer: 0
  m_Name: wpp2
  m_TagString: Untagged
  m_Icon: {fileID: 5132851093641282708, guid: 0000000000000000d000000000000000, type: 0}
  m_NavMeshLayer: 0
  m_StaticEditorFlags: 0
  m_IsActive: 1
--- !u!4 &1118287718228842237
Transform:
  m_ObjectHideFlags: 0
  m_CorrespondingSourceObject: {fileID: 0}
  m_PrefabInstance: {fileID: 0}
  m_PrefabAsset: {fileID: 0}
  m_GameObject: {fileID: 1118287718228842238}
  m_LocalRotation: {x: 0, y: 0, z: 0, w: 1}
  m_LocalPosition: {x: -0.2397, y: 0, z: 0.0869}
  m_LocalScale: {x: 1, y: 1, z: 1}
  m_Children: []
  m_Father: {fileID: 1118287718550542716}
  m_RootOrder: 1
  m_LocalEulerAnglesHint: {x: 0, y: 0, z: 0}
--- !u!1 &1118287718373201090
GameObject:
  m_ObjectHideFlags: 0
  m_CorrespondingSourceObject: {fileID: 0}
  m_PrefabInstance: {fileID: 0}
  m_PrefabAsset: {fileID: 0}
  serializedVersion: 6
  m_Component:
  - component: {fileID: 1118287718373201089}
  m_Layer: 0
  m_Name: PIPES
  m_TagString: Untagged
  m_Icon: {fileID: 0}
  m_NavMeshLayer: 0
  m_StaticEditorFlags: 0
  m_IsActive: 1
--- !u!4 &1118287718373201089
Transform:
  m_ObjectHideFlags: 0
  m_CorrespondingSourceObject: {fileID: 0}
  m_PrefabInstance: {fileID: 0}
  m_PrefabAsset: {fileID: 0}
  m_GameObject: {fileID: 1118287718373201090}
  m_LocalRotation: {x: 0, y: 0, z: 0, w: 1}
  m_LocalPosition: {x: 0, y: -0.0097, z: 0}
  m_LocalScale: {x: 1, y: 1, z: 1}
  m_Children:
  - {fileID: 1118287718215677625}
  - {fileID: 8316359474160483088}
  - {fileID: 1118287718386447241}
  - {fileID: 1118287719201427967}
  - {fileID: 1118287717767345520}
  m_Father: {fileID: 1118287718675473554}
  m_RootOrder: 0
  m_LocalEulerAnglesHint: {x: 0, y: 0, z: 0}
--- !u!1 &1118287718375529504
GameObject:
  m_ObjectHideFlags: 0
  m_CorrespondingSourceObject: {fileID: 0}
  m_PrefabInstance: {fileID: 0}
  m_PrefabAsset: {fileID: 0}
  serializedVersion: 6
  m_Component:
  - component: {fileID: 1118287718375529511}
  m_Layer: 0
  m_Name: wpp9
  m_TagString: Untagged
  m_Icon: {fileID: 5132851093641282708, guid: 0000000000000000d000000000000000, type: 0}
  m_NavMeshLayer: 0
  m_StaticEditorFlags: 0
  m_IsActive: 1
--- !u!4 &1118287718375529511
Transform:
  m_ObjectHideFlags: 0
  m_CorrespondingSourceObject: {fileID: 0}
  m_PrefabInstance: {fileID: 0}
  m_PrefabAsset: {fileID: 0}
  m_GameObject: {fileID: 1118287718375529504}
  m_LocalRotation: {x: 0, y: 0, z: 0, w: 1}
  m_LocalPosition: {x: 0.3457, y: 0, z: 0.0869}
  m_LocalScale: {x: 1, y: 1, z: 1}
  m_Children: []
  m_Father: {fileID: 1118287718550542716}
  m_RootOrder: 8
  m_LocalEulerAnglesHint: {x: 0, y: 0, z: 0}
--- !u!114 &1118287718395701308
MonoBehaviour:
  m_ObjectHideFlags: 0
  m_CorrespondingSourceObject: {fileID: 0}
  m_PrefabInstance: {fileID: 0}
  m_PrefabAsset: {fileID: 0}
  m_GameObject: {fileID: 4286933655165029956}
  m_Enabled: 1
  m_EditorHideFlags: 0
  m_Script: {fileID: 11500000, guid: 02cfe06c8f56d4d48890b32363caa7e9, type: 3}
  m_Name: 
  m_EditorClassIdentifier: 
  batteryON: 0
  batteryText: {fileID: 1118287718501639198}
  LoadText: {fileID: 1118287719305305458}
  batteryVoltage: 0
  LoadVoltage: 0
  Battery1: {fileID: 1118287718395701308}
  Battery2nd: {fileID: 1118287718582369137}
--- !u!1 &1118287718550542717
GameObject:
  m_ObjectHideFlags: 0
  m_CorrespondingSourceObject: {fileID: 0}
  m_PrefabInstance: {fileID: 0}
  m_PrefabAsset: {fileID: 0}
  serializedVersion: 6
  m_Component:
  - component: {fileID: 1118287718550542716}
  m_Layer: 0
  m_Name: WAYPOINTS
  m_TagString: Untagged
  m_Icon: {fileID: 0}
  m_NavMeshLayer: 0
  m_StaticEditorFlags: 0
  m_IsActive: 1
--- !u!4 &1118287718550542716
Transform:
  m_ObjectHideFlags: 0
  m_CorrespondingSourceObject: {fileID: 0}
  m_PrefabInstance: {fileID: 0}
  m_PrefabAsset: {fileID: 0}
  m_GameObject: {fileID: 1118287718550542717}
  m_LocalRotation: {x: -0, y: -0, z: -0, w: 1}
  m_LocalPosition: {x: 0, y: 0.0171, z: 0}
  m_LocalScale: {x: 1, y: 1, z: 1}
  m_Children:
  - {fileID: 1118287718160010443}
  - {fileID: 1118287718228842237}
  - {fileID: 1118287718161816851}
  - {fileID: 1118287717857454176}
  - {fileID: 1118287717730387952}
  - {fileID: 1118287717279084748}
  - {fileID: 1118287717882572621}
  - {fileID: 1118287719022395151}
  - {fileID: 1118287718375529511}
  - {fileID: 1118287718861065408}
  - {fileID: 1118287717990248146}
  - {fileID: 1118287717924573404}
  - {fileID: 1118287717544907764}
  m_Father: {fileID: 1118287718946042630}
  m_RootOrder: 1
  m_LocalEulerAnglesHint: {x: 0, y: 0, z: 0}
--- !u!114 &1118287718582369137
MonoBehaviour:
  m_ObjectHideFlags: 0
  m_CorrespondingSourceObject: {fileID: 0}
  m_PrefabInstance: {fileID: 0}
  m_PrefabAsset: {fileID: 0}
  m_GameObject: {fileID: 7505033731549615988}
  m_Enabled: 1
  m_EditorHideFlags: 0
  m_Script: {fileID: 11500000, guid: 02cfe06c8f56d4d48890b32363caa7e9, type: 3}
  m_Name: 
  m_EditorClassIdentifier: 
  batteryON: 0
  batteryText: {fileID: 1118287717596948139}
  LoadText: {fileID: 1118287719305305458}
  batteryVoltage: 0
  LoadVoltage: 0
  Battery1: {fileID: 1118287718395701308}
  Battery2nd: {fileID: 1118287718582369137}
--- !u!1 &1118287718675473555
GameObject:
  m_ObjectHideFlags: 0
  m_CorrespondingSourceObject: {fileID: 0}
  m_PrefabInstance: {fileID: 0}
  m_PrefabAsset: {fileID: 0}
  serializedVersion: 6
  m_Component:
  - component: {fileID: 1118287718675473554}
  m_Layer: 0
  m_Name: ModelsParallelCircuit
  m_TagString: Untagged
  m_Icon: {fileID: 0}
  m_NavMeshLayer: 0
  m_StaticEditorFlags: 0
  m_IsActive: 1
--- !u!4 &1118287718675473554
Transform:
  m_ObjectHideFlags: 0
  m_CorrespondingSourceObject: {fileID: 0}
  m_PrefabInstance: {fileID: 0}
  m_PrefabAsset: {fileID: 0}
  m_GameObject: {fileID: 1118287718675473555}
  m_LocalRotation: {x: -0, y: -0, z: -0, w: 1}
  m_LocalPosition: {x: 0, y: 0, z: 0}
  m_LocalScale: {x: 1, y: 1, z: 1}
  m_Children:
  - {fileID: 1118287718373201089}
  - {fileID: 4286933655164605028}
  - {fileID: 7505033731549252436}
  m_Father: {fileID: 1118287718946042630}
  m_RootOrder: 0
  m_LocalEulerAnglesHint: {x: 0, y: 0, z: 0}
--- !u!1 &1118287718750817954
GameObject:
  m_ObjectHideFlags: 0
  m_CorrespondingSourceObject: {fileID: 0}
  m_PrefabInstance: {fileID: 0}
  m_PrefabAsset: {fileID: 0}
  serializedVersion: 6
  m_Component:
  - component: {fileID: 1118287718750817956}
  - component: {fileID: 1118287718750817957}
  - component: {fileID: 1118287718750817958}
  - component: {fileID: 1118287718750817959}
  - component: {fileID: 1118287718750817952}
  - component: {fileID: 1118287718750817953}
  m_Layer: 0
  m_Name: BatteriesInParallel
  m_TagString: Untagged
  m_Icon: {fileID: 0}
  m_NavMeshLayer: 0
  m_StaticEditorFlags: 0
  m_IsActive: 1
--- !u!4 &1118287718750817956
Transform:
  m_ObjectHideFlags: 0
  m_CorrespondingSourceObject: {fileID: 0}
  m_PrefabInstance: {fileID: 0}
  m_PrefabAsset: {fileID: 0}
  m_GameObject: {fileID: 1118287718750817954}
  m_LocalRotation: {x: 0, y: 0, z: 0, w: 1}
  m_LocalPosition: {x: 0, y: 0, z: -29.9}
  m_LocalScale: {x: 50, y: 50, z: 50}
  m_Children:
  - {fileID: 1118287718946042630}
  m_Father: {fileID: 0}
  m_RootOrder: 0
  m_LocalEulerAnglesHint: {x: 0, y: 0, z: 0}
--- !u!114 &1118287718750817957
MonoBehaviour:
  m_ObjectHideFlags: 0
  m_CorrespondingSourceObject: {fileID: 0}
  m_PrefabInstance: {fileID: 0}
  m_PrefabAsset: {fileID: 0}
  m_GameObject: {fileID: 1118287718750817954}
  m_Enabled: 1
  m_EditorHideFlags: 0
  m_Script: {fileID: -1631628248, guid: bab6fa851cf5a1a4bba3cec5f191cb8e, type: 3}
  m_Name: 
  m_EditorClassIdentifier: 
  mTrackableName: circuit2
  mPreserveChildSize: 0
  mInitializedInEditor: 1
  mDataSetPath: Vuforia/CircuitTest.xml
  mAspectRatio: 0.51
  mImageTargetType: 0
  mWidth: 50
  mHeight: 25.5
--- !u!114 &1118287718750817958
MonoBehaviour:
  m_ObjectHideFlags: 0
  m_CorrespondingSourceObject: {fileID: 0}
  m_PrefabInstance: {fileID: 0}
  m_PrefabAsset: {fileID: 0}
  m_GameObject: {fileID: 1118287718750817954}
  m_Enabled: 1
  m_EditorHideFlags: 0
  m_Script: {fileID: 11500000, guid: 5a917f0af64a6423093132dab321c15f, type: 3}
  m_Name: 
  m_EditorClassIdentifier: 
  lost: 0
  reload: 0
--- !u!114 &1118287718750817959
MonoBehaviour:
  m_ObjectHideFlags: 0
  m_CorrespondingSourceObject: {fileID: 0}
  m_PrefabInstance: {fileID: 0}
  m_PrefabAsset: {fileID: 0}
  m_GameObject: {fileID: 1118287718750817954}
  m_Enabled: 1
  m_EditorHideFlags: 0
  m_Script: {fileID: -1770992566, guid: bab6fa851cf5a1a4bba3cec5f191cb8e, type: 3}
  m_Name: 
  m_EditorClassIdentifier: 
--- !u!23 &1118287718750817952
MeshRenderer:
  m_ObjectHideFlags: 0
  m_CorrespondingSourceObject: {fileID: 0}
  m_PrefabInstance: {fileID: 0}
  m_PrefabAsset: {fileID: 0}
  m_GameObject: {fileID: 1118287718750817954}
  m_Enabled: 1
  m_CastShadows: 1
  m_ReceiveShadows: 1
  m_DynamicOccludee: 1
  m_MotionVectors: 1
  m_LightProbeUsage: 0
  m_ReflectionProbeUsage: 1
  m_RenderingLayerMask: 1
  m_RendererPriority: 0
  m_Materials:
  - {fileID: 0}
  m_StaticBatchInfo:
    firstSubMesh: 0
    subMeshCount: 0
  m_StaticBatchRoot: {fileID: 0}
  m_ProbeAnchor: {fileID: 0}
  m_LightProbeVolumeOverride: {fileID: 0}
  m_ScaleInLightmap: 1
  m_PreserveUVs: 0
  m_IgnoreNormalsForChartDetection: 0
  m_ImportantGI: 0
  m_StitchLightmapSeams: 0
  m_SelectedEditorRenderState: 3
  m_MinimumChartSize: 4
  m_AutoUVMaxDistance: 0.5
  m_AutoUVMaxAngle: 89
  m_LightmapParameters: {fileID: 0}
  m_SortingLayerID: 0
  m_SortingLayer: 0
  m_SortingOrder: 0
--- !u!33 &1118287718750817953
MeshFilter:
  m_ObjectHideFlags: 0
  m_CorrespondingSourceObject: {fileID: 0}
  m_PrefabInstance: {fileID: 0}
  m_PrefabAsset: {fileID: 0}
  m_GameObject: {fileID: 1118287718750817954}
  m_Mesh: {fileID: 0}
--- !u!1 &1118287718861065409
GameObject:
  m_ObjectHideFlags: 0
  m_CorrespondingSourceObject: {fileID: 0}
  m_PrefabInstance: {fileID: 0}
  m_PrefabAsset: {fileID: 0}
  serializedVersion: 6
  m_Component:
  - component: {fileID: 1118287718861065408}
  m_Layer: 0
  m_Name: wpp10
  m_TagString: Untagged
  m_Icon: {fileID: 5132851093641282708, guid: 0000000000000000d000000000000000, type: 0}
  m_NavMeshLayer: 0
  m_StaticEditorFlags: 0
  m_IsActive: 1
--- !u!4 &1118287718861065408
Transform:
  m_ObjectHideFlags: 0
  m_CorrespondingSourceObject: {fileID: 0}
  m_PrefabInstance: {fileID: 0}
  m_PrefabAsset: {fileID: 0}
  m_GameObject: {fileID: 1118287718861065409}
  m_LocalRotation: {x: 0, y: 0, z: 0, w: 1}
  m_LocalPosition: {x: 0.3513, y: 0, z: 0.0419}
  m_LocalScale: {x: 1, y: 1, z: 1}
  m_Children: []
  m_Father: {fileID: 1118287718550542716}
  m_RootOrder: 9
  m_LocalEulerAnglesHint: {x: 0, y: 0, z: 0}
--- !u!1 &1118287718946042631
GameObject:
  m_ObjectHideFlags: 0
  m_CorrespondingSourceObject: {fileID: 0}
  m_PrefabInstance: {fileID: 0}
  m_PrefabAsset: {fileID: 0}
  serializedVersion: 6
  m_Component:
  - component: {fileID: 1118287718946042630}
  m_Layer: 0
  m_Name: CircuitComponentsParallel
  m_TagString: Untagged
  m_Icon: {fileID: 0}
  m_NavMeshLayer: 0
  m_StaticEditorFlags: 0
  m_IsActive: 1
--- !u!4 &1118287718946042630
Transform:
  m_ObjectHideFlags: 0
  m_CorrespondingSourceObject: {fileID: 0}
  m_PrefabInstance: {fileID: 0}
  m_PrefabAsset: {fileID: 0}
  m_GameObject: {fileID: 1118287718946042631}
  m_LocalRotation: {x: 0, y: 0, z: 0, w: 1}
  m_LocalPosition: {x: 0, y: 0, z: 0}
  m_LocalScale: {x: 1, y: 1, z: 1}
  m_Children:
  - {fileID: 1118287718675473554}
  - {fileID: 1118287718550542716}
  m_Father: {fileID: 1118287718750817956}
  m_RootOrder: 0
  m_LocalEulerAnglesHint: {x: 0, y: 0, z: 0}
--- !u!1 &1118287719022395144
GameObject:
  m_ObjectHideFlags: 0
  m_CorrespondingSourceObject: {fileID: 0}
  m_PrefabInstance: {fileID: 0}
  m_PrefabAsset: {fileID: 0}
  serializedVersion: 6
  m_Component:
  - component: {fileID: 1118287719022395151}
  m_Layer: 0
  m_Name: wpp8
  m_TagString: Untagged
  m_Icon: {fileID: 5132851093641282708, guid: 0000000000000000d000000000000000, type: 0}
  m_NavMeshLayer: 0
  m_StaticEditorFlags: 0
  m_IsActive: 1
--- !u!4 &1118287719022395151
Transform:
  m_ObjectHideFlags: 0
  m_CorrespondingSourceObject: {fileID: 0}
  m_PrefabInstance: {fileID: 0}
  m_PrefabAsset: {fileID: 0}
  m_GameObject: {fileID: 1118287719022395144}
  m_LocalRotation: {x: 0, y: 0, z: 0, w: 1}
  m_LocalPosition: {x: -0.235, y: 0, z: -0.0554}
  m_LocalScale: {x: 1, y: 1, z: 1}
  m_Children: []
  m_Father: {fileID: 1118287718550542716}
  m_RootOrder: 7
  m_LocalEulerAnglesHint: {x: 0, y: 0, z: 0}
--- !u!1001 &1118287717643397862
PrefabInstance:
  m_ObjectHideFlags: 0
  serializedVersion: 2
  m_Modification:
    m_TransformParent: {fileID: 1118287718675473554}
    m_Modifications:
    - target: {fileID: 7468033245125803410, guid: 788c38b3ec598594caa0e14d2a3bcde9,
        type: 3}
      propertyPath: m_Name
      value: Battery2Parallel
      objectReference: {fileID: 0}
    - target: {fileID: 7468033245125803410, guid: 788c38b3ec598594caa0e14d2a3bcde9,
        type: 3}
      propertyPath: m_TagString
      value: battery4
      objectReference: {fileID: 0}
    - target: {fileID: 1863251860, guid: 788c38b3ec598594caa0e14d2a3bcde9, type: 3}
      propertyPath: m_text
      value: 
      objectReference: {fileID: 0}
    - target: {fileID: 1863251860, guid: 788c38b3ec598594caa0e14d2a3bcde9, type: 3}
      propertyPath: m_textInfo.characterCount
      value: 0
      objectReference: {fileID: 0}
    - target: {fileID: 1863251860, guid: 788c38b3ec598594caa0e14d2a3bcde9, type: 3}
      propertyPath: m_textInfo.wordCount
      value: 0
      objectReference: {fileID: 0}
    - target: {fileID: 1863251860, guid: 788c38b3ec598594caa0e14d2a3bcde9, type: 3}
      propertyPath: m_textInfo.lineCount
      value: 0
      objectReference: {fileID: 0}
    - target: {fileID: 1863251860, guid: 788c38b3ec598594caa0e14d2a3bcde9, type: 3}
      propertyPath: m_textInfo.pageCount
      value: 0
      objectReference: {fileID: 0}
    - target: {fileID: 7468033245125304754, guid: 788c38b3ec598594caa0e14d2a3bcde9,
        type: 3}
      propertyPath: m_LocalPosition.x
      value: -0.24084978
      objectReference: {fileID: 0}
    - target: {fileID: 7468033245125304754, guid: 788c38b3ec598594caa0e14d2a3bcde9,
        type: 3}
      propertyPath: m_LocalPosition.y
      value: 0
      objectReference: {fileID: 0}
    - target: {fileID: 7468033245125304754, guid: 788c38b3ec598594caa0e14d2a3bcde9,
        type: 3}
      propertyPath: m_LocalPosition.z
      value: -0.009501686
      objectReference: {fileID: 0}
    - target: {fileID: 7468033245125304754, guid: 788c38b3ec598594caa0e14d2a3bcde9,
        type: 3}
      propertyPath: m_LocalRotation.x
      value: -0.7071068
      objectReference: {fileID: 0}
    - target: {fileID: 7468033245125304754, guid: 788c38b3ec598594caa0e14d2a3bcde9,
        type: 3}
      propertyPath: m_LocalRotation.y
      value: -0
      objectReference: {fileID: 0}
    - target: {fileID: 7468033245125304754, guid: 788c38b3ec598594caa0e14d2a3bcde9,
        type: 3}
      propertyPath: m_LocalRotation.z
      value: -0
      objectReference: {fileID: 0}
    - target: {fileID: 7468033245125304754, guid: 788c38b3ec598594caa0e14d2a3bcde9,
        type: 3}
      propertyPath: m_LocalRotation.w
      value: 0.7071067
      objectReference: {fileID: 0}
    - target: {fileID: 7468033245125304754, guid: 788c38b3ec598594caa0e14d2a3bcde9,
        type: 3}
      propertyPath: m_RootOrder
      value: 2
      objectReference: {fileID: 0}
    - target: {fileID: 7468033245125304754, guid: 788c38b3ec598594caa0e14d2a3bcde9,
        type: 3}
      propertyPath: m_LocalEulerAnglesHint.x
      value: 0
      objectReference: {fileID: 0}
    - target: {fileID: 7468033245125304754, guid: 788c38b3ec598594caa0e14d2a3bcde9,
        type: 3}
      propertyPath: m_LocalEulerAnglesHint.y
      value: 0
      objectReference: {fileID: 0}
    - target: {fileID: 7468033245125304754, guid: 788c38b3ec598594caa0e14d2a3bcde9,
        type: 3}
      propertyPath: m_LocalEulerAnglesHint.z
      value: 0
      objectReference: {fileID: 0}
    - target: {fileID: 7468033245125304754, guid: 788c38b3ec598594caa0e14d2a3bcde9,
        type: 3}
      propertyPath: m_LocalScale.x
      value: 4
      objectReference: {fileID: 0}
    - target: {fileID: 7468033245125304754, guid: 788c38b3ec598594caa0e14d2a3bcde9,
        type: 3}
      propertyPath: m_LocalScale.y
      value: 4
      objectReference: {fileID: 0}
    - target: {fileID: 7468033245125304754, guid: 788c38b3ec598594caa0e14d2a3bcde9,
        type: 3}
      propertyPath: m_LocalScale.z
      value: 0.87799937
      objectReference: {fileID: 0}
    - target: {fileID: 1863251859, guid: 788c38b3ec598594caa0e14d2a3bcde9, type: 3}
      propertyPath: m_AnchoredPosition.x
      value: -1078.1295
      objectReference: {fileID: 0}
    - target: {fileID: 1750803566, guid: 788c38b3ec598594caa0e14d2a3bcde9, type: 3}
      propertyPath: m_Enabled
      value: 1
      objectReference: {fileID: 0}
    - target: {fileID: 1750803566, guid: 788c38b3ec598594caa0e14d2a3bcde9, type: 3}
      propertyPath: Battery1
      value: 
      objectReference: {fileID: 0}
    - target: {fileID: 1750803566, guid: 788c38b3ec598594caa0e14d2a3bcde9, type: 3}
      propertyPath: Battery2
      value: 
      objectReference: {fileID: 0}
    - target: {fileID: 7468033245128696210, guid: 788c38b3ec598594caa0e14d2a3bcde9,
        type: 3}
      propertyPath: m_Mesh
      value: 
      objectReference: {fileID: 4300000, guid: 5735468c0a81f8444b2fe0d818daafbc, type: 3}
    - target: {fileID: 7468033245127730002, guid: 788c38b3ec598594caa0e14d2a3bcde9,
        type: 3}
      propertyPath: m_Materials.Array.data[0]
      value: 
      objectReference: {fileID: 2100000, guid: 3794f8d1b0fea1348ade1d32b56ac477, type: 2}
    m_RemovedComponents:
    - {fileID: 1750803566, guid: 788c38b3ec598594caa0e14d2a3bcde9, type: 3}
  m_SourcePrefab: {fileID: 100100000, guid: 788c38b3ec598594caa0e14d2a3bcde9, type: 3}
--- !u!114 &1118287719305305458 stripped
MonoBehaviour:
  m_CorrespondingSourceObject: {fileID: 1863251860, guid: 788c38b3ec598594caa0e14d2a3bcde9,
    type: 3}
  m_PrefabInstance: {fileID: 1118287717643397862}
  m_PrefabAsset: {fileID: 0}
  m_GameObject: {fileID: 0}
  m_Enabled: 1
  m_EditorHideFlags: 0
  m_Script: {fileID: 11500000, guid: f4688fdb7df04437aeb418b961361dc5, type: 3}
  m_Name: 
  m_EditorClassIdentifier: 
--- !u!114 &1118287717596948139 stripped
MonoBehaviour:
  m_CorrespondingSourceObject: {fileID: 48057421, guid: 788c38b3ec598594caa0e14d2a3bcde9,
    type: 3}
  m_PrefabInstance: {fileID: 1118287717643397862}
  m_PrefabAsset: {fileID: 0}
  m_GameObject: {fileID: 0}
  m_Enabled: 1
  m_EditorHideFlags: 0
  m_Script: {fileID: 11500000, guid: f4688fdb7df04437aeb418b961361dc5, type: 3}
  m_Name: 
  m_EditorClassIdentifier: 
--- !u!4 &7505033731549252436 stripped
Transform:
  m_CorrespondingSourceObject: {fileID: 7468033245125304754, guid: 788c38b3ec598594caa0e14d2a3bcde9,
    type: 3}
  m_PrefabInstance: {fileID: 1118287717643397862}
  m_PrefabAsset: {fileID: 0}
--- !u!1 &7505033731549615988 stripped
GameObject:
  m_CorrespondingSourceObject: {fileID: 7468033245125803410, guid: 788c38b3ec598594caa0e14d2a3bcde9,
    type: 3}
  m_PrefabInstance: {fileID: 1118287717643397862}
  m_PrefabAsset: {fileID: 0}
--- !u!1001 &1118287717767213040
PrefabInstance:
  m_ObjectHideFlags: 0
  serializedVersion: 2
  m_Modification:
    m_TransformParent: {fileID: 1118287718373201089}
    m_Modifications:
    - target: {fileID: 100000, guid: 9fb4ee485bccfd24e87900e2accd6b27, type: 3}
      propertyPath: m_Name
      value: cylinder_Hor (1)
      objectReference: {fileID: 0}
    - target: {fileID: 400000, guid: 9fb4ee485bccfd24e87900e2accd6b27, type: 3}
      propertyPath: m_LocalPosition.x
      value: -0.0077999993
      objectReference: {fileID: 0}
    - target: {fileID: 400000, guid: 9fb4ee485bccfd24e87900e2accd6b27, type: 3}
      propertyPath: m_LocalPosition.y
      value: 0.018059999
      objectReference: {fileID: 0}
    - target: {fileID: 400000, guid: 9fb4ee485bccfd24e87900e2accd6b27, type: 3}
      propertyPath: m_LocalPosition.z
      value: -0.08280002
      objectReference: {fileID: 0}
    - target: {fileID: 400000, guid: 9fb4ee485bccfd24e87900e2accd6b27, type: 3}
      propertyPath: m_LocalRotation.x
      value: 0.00000008146034
      objectReference: {fileID: 0}
    - target: {fileID: 400000, guid: 9fb4ee485bccfd24e87900e2accd6b27, type: 3}
      propertyPath: m_LocalRotation.y
      value: -0
      objectReference: {fileID: 0}
    - target: {fileID: 400000, guid: 9fb4ee485bccfd24e87900e2accd6b27, type: 3}
      propertyPath: m_LocalRotation.z
      value: -0
      objectReference: {fileID: 0}
    - target: {fileID: 400000, guid: 9fb4ee485bccfd24e87900e2accd6b27, type: 3}
      propertyPath: m_LocalRotation.w
      value: 1
      objectReference: {fileID: 0}
    - target: {fileID: 400000, guid: 9fb4ee485bccfd24e87900e2accd6b27, type: 3}
      propertyPath: m_RootOrder
      value: 4
      objectReference: {fileID: 0}
    - target: {fileID: 400000, guid: 9fb4ee485bccfd24e87900e2accd6b27, type: 3}
      propertyPath: m_LocalEulerAnglesHint.x
      value: 0
      objectReference: {fileID: 0}
    - target: {fileID: 400000, guid: 9fb4ee485bccfd24e87900e2accd6b27, type: 3}
      propertyPath: m_LocalEulerAnglesHint.y
      value: 0
      objectReference: {fileID: 0}
    - target: {fileID: 400000, guid: 9fb4ee485bccfd24e87900e2accd6b27, type: 3}
      propertyPath: m_LocalEulerAnglesHint.z
      value: 0
      objectReference: {fileID: 0}
    - target: {fileID: 400000, guid: 9fb4ee485bccfd24e87900e2accd6b27, type: 3}
      propertyPath: m_LocalScale.x
      value: 1.506
      objectReference: {fileID: 0}
    - target: {fileID: 400000, guid: 9fb4ee485bccfd24e87900e2accd6b27, type: 3}
      propertyPath: m_LocalScale.y
      value: 1.506
      objectReference: {fileID: 0}
    - target: {fileID: 400000, guid: 9fb4ee485bccfd24e87900e2accd6b27, type: 3}
      propertyPath: m_LocalScale.z
      value: 2.9071825
      objectReference: {fileID: 0}
    - target: {fileID: 2300000, guid: 9fb4ee485bccfd24e87900e2accd6b27, type: 3}
      propertyPath: m_Materials.Array.data[0]
      value: 
      objectReference: {fileID: 2100000, guid: b92ed83fa606bdc40823239ac863fd0b, type: 2}
    m_RemovedComponents: []
  m_SourcePrefab: {fileID: 100100000, guid: 9fb4ee485bccfd24e87900e2accd6b27, type: 3}
--- !u!4 &1118287717767345520 stripped
Transform:
  m_CorrespondingSourceObject: {fileID: 400000, guid: 9fb4ee485bccfd24e87900e2accd6b27,
    type: 3}
  m_PrefabInstance: {fileID: 1118287717767213040}
  m_PrefabAsset: {fileID: 0}
--- !u!1001 &1118287718215543865
PrefabInstance:
  m_ObjectHideFlags: 0
  serializedVersion: 2
  m_Modification:
    m_TransformParent: {fileID: 1118287718373201089}
    m_Modifications:
    - target: {fileID: 100000, guid: 01969b1e0785a674b80bb86055cba53c, type: 3}
      propertyPath: m_Name
      value: cylinder_T
      objectReference: {fileID: 0}
    - target: {fileID: 400000, guid: 01969b1e0785a674b80bb86055cba53c, type: 3}
      propertyPath: m_LocalPosition.x
      value: -0.008
      objectReference: {fileID: 0}
    - target: {fileID: 400000, guid: 01969b1e0785a674b80bb86055cba53c, type: 3}
      propertyPath: m_LocalPosition.y
      value: 0.0188
      objectReference: {fileID: 0}
    - target: {fileID: 400000, guid: 01969b1e0785a674b80bb86055cba53c, type: 3}
      propertyPath: m_LocalPosition.z
      value: 0.08299999
      objectReference: {fileID: 0}
    - target: {fileID: 400000, guid: 01969b1e0785a674b80bb86055cba53c, type: 3}
      propertyPath: m_LocalRotation.x
      value: 0.000000057747172
      objectReference: {fileID: 0}
    - target: {fileID: 400000, guid: 01969b1e0785a674b80bb86055cba53c, type: 3}
      propertyPath: m_LocalRotation.y
      value: -0.7053102
      objectReference: {fileID: 0}
    - target: {fileID: 400000, guid: 01969b1e0785a674b80bb86055cba53c, type: 3}
      propertyPath: m_LocalRotation.z
      value: 0.00000005745481
      objectReference: {fileID: 0}
    - target: {fileID: 400000, guid: 01969b1e0785a674b80bb86055cba53c, type: 3}
      propertyPath: m_LocalRotation.w
      value: 0.70889884
      objectReference: {fileID: 0}
    - target: {fileID: 400000, guid: 01969b1e0785a674b80bb86055cba53c, type: 3}
      propertyPath: m_RootOrder
      value: 0
      objectReference: {fileID: 0}
    - target: {fileID: 400000, guid: 01969b1e0785a674b80bb86055cba53c, type: 3}
      propertyPath: m_LocalEulerAnglesHint.x
      value: 0
      objectReference: {fileID: 0}
    - target: {fileID: 400000, guid: 01969b1e0785a674b80bb86055cba53c, type: 3}
      propertyPath: m_LocalEulerAnglesHint.y
      value: -89.70901
      objectReference: {fileID: 0}
    - target: {fileID: 400000, guid: 01969b1e0785a674b80bb86055cba53c, type: 3}
      propertyPath: m_LocalEulerAnglesHint.z
      value: 0
      objectReference: {fileID: 0}
    - target: {fileID: 400000, guid: 01969b1e0785a674b80bb86055cba53c, type: 3}
      propertyPath: m_LocalScale.x
      value: 1.3672003
      objectReference: {fileID: 0}
    - target: {fileID: 400000, guid: 01969b1e0785a674b80bb86055cba53c, type: 3}
      propertyPath: m_LocalScale.y
      value: 1.5396038
      objectReference: {fileID: 0}
    - target: {fileID: 400000, guid: 01969b1e0785a674b80bb86055cba53c, type: 3}
      propertyPath: m_LocalScale.z
      value: 1.3672003
      objectReference: {fileID: 0}
    - target: {fileID: 2300000, guid: 01969b1e0785a674b80bb86055cba53c, type: 3}
      propertyPath: m_Materials.Array.data[0]
      value: 
      objectReference: {fileID: 2100000, guid: b92ed83fa606bdc40823239ac863fd0b, type: 2}
    m_RemovedComponents: []
  m_SourcePrefab: {fileID: 100100000, guid: 01969b1e0785a674b80bb86055cba53c, type: 3}
--- !u!4 &1118287718215677625 stripped
Transform:
  m_CorrespondingSourceObject: {fileID: 400000, guid: 01969b1e0785a674b80bb86055cba53c,
    type: 3}
  m_PrefabInstance: {fileID: 1118287718215543865}
  m_PrefabAsset: {fileID: 0}
--- !u!1001 &1118287718386575625
PrefabInstance:
  m_ObjectHideFlags: 0
  serializedVersion: 2
  m_Modification:
    m_TransformParent: {fileID: 1118287718373201089}
    m_Modifications:
    - target: {fileID: 100000, guid: 01969b1e0785a674b80bb86055cba53c, type: 3}
      propertyPath: m_Name
      value: cylinder_T (1)
      objectReference: {fileID: 0}
    - target: {fileID: 400000, guid: 01969b1e0785a674b80bb86055cba53c, type: 3}
      propertyPath: m_LocalPosition.x
      value: -0.008176581
      objectReference: {fileID: 0}
    - target: {fileID: 400000, guid: 01969b1e0785a674b80bb86055cba53c, type: 3}
      propertyPath: m_LocalPosition.y
      value: 0.0188
      objectReference: {fileID: 0}
    - target: {fileID: 400000, guid: 01969b1e0785a674b80bb86055cba53c, type: 3}
      propertyPath: m_LocalPosition.z
      value: -0.13600002
      objectReference: {fileID: 0}
    - target: {fileID: 400000, guid: 01969b1e0785a674b80bb86055cba53c, type: 3}
      propertyPath: m_LocalRotation.x
      value: -0.000000057019925
      objectReference: {fileID: 0}
    - target: {fileID: 400000, guid: 01969b1e0785a674b80bb86055cba53c, type: 3}
      propertyPath: m_LocalRotation.y
      value: -0.7141709
      objectReference: {fileID: 0}
    - target: {fileID: 400000, guid: 01969b1e0785a674b80bb86055cba53c, type: 3}
      propertyPath: m_LocalRotation.z
      value: 0.000000058176674
      objectReference: {fileID: 0}
    - target: {fileID: 400000, guid: 01969b1e0785a674b80bb86055cba53c, type: 3}
      propertyPath: m_LocalRotation.w
      value: -0.69997144
      objectReference: {fileID: 0}
    - target: {fileID: 400000, guid: 01969b1e0785a674b80bb86055cba53c, type: 3}
      propertyPath: m_RootOrder
      value: 2
      objectReference: {fileID: 0}
    - target: {fileID: 400000, guid: 01969b1e0785a674b80bb86055cba53c, type: 3}
      propertyPath: m_LocalEulerAnglesHint.x
      value: 0
      objectReference: {fileID: 0}
    - target: {fileID: 400000, guid: 01969b1e0785a674b80bb86055cba53c, type: 3}
      propertyPath: m_LocalEulerAnglesHint.y
      value: -268.849
      objectReference: {fileID: 0}
    - target: {fileID: 400000, guid: 01969b1e0785a674b80bb86055cba53c, type: 3}
      propertyPath: m_LocalEulerAnglesHint.z
      value: 0
      objectReference: {fileID: 0}
    - target: {fileID: 400000, guid: 01969b1e0785a674b80bb86055cba53c, type: 3}
      propertyPath: m_LocalScale.x
      value: 1.3672003
      objectReference: {fileID: 0}
    - target: {fileID: 400000, guid: 01969b1e0785a674b80bb86055cba53c, type: 3}
      propertyPath: m_LocalScale.y
      value: 1.5396038
      objectReference: {fileID: 0}
    - target: {fileID: 400000, guid: 01969b1e0785a674b80bb86055cba53c, type: 3}
      propertyPath: m_LocalScale.z
      value: 1.3672003
      objectReference: {fileID: 0}
    - target: {fileID: 2300000, guid: 01969b1e0785a674b80bb86055cba53c, type: 3}
      propertyPath: m_Materials.Array.data[0]
      value: 
      objectReference: {fileID: 2100000, guid: b92ed83fa606bdc40823239ac863fd0b, type: 2}
    m_RemovedComponents: []
  m_SourcePrefab: {fileID: 100100000, guid: 01969b1e0785a674b80bb86055cba53c, type: 3}
--- !u!4 &1118287718386447241 stripped
Transform:
  m_CorrespondingSourceObject: {fileID: 400000, guid: 01969b1e0785a674b80bb86055cba53c,
    type: 3}
  m_PrefabInstance: {fileID: 1118287718386575625}
  m_PrefabAsset: {fileID: 0}
--- !u!1001 &1118287718659698573
PrefabInstance:
  m_ObjectHideFlags: 0
  serializedVersion: 2
  m_Modification:
    m_TransformParent: {fileID: 1118287718373201089}
    m_Modifications:
    - target: {fileID: 9001939330342491266, guid: f998fb66061e39e42bea2b8313f43009,
        type: 3}
      propertyPath: m_Name
      value: Pipes
      objectReference: {fileID: 0}
    - target: {fileID: 9001939330342491293, guid: f998fb66061e39e42bea2b8313f43009,
        type: 3}
      propertyPath: m_LocalPosition.x
      value: 0
      objectReference: {fileID: 0}
    - target: {fileID: 9001939330342491293, guid: f998fb66061e39e42bea2b8313f43009,
        type: 3}
      propertyPath: m_LocalPosition.y
      value: -0.00037400002
      objectReference: {fileID: 0}
    - target: {fileID: 9001939330342491293, guid: f998fb66061e39e42bea2b8313f43009,
        type: 3}
      propertyPath: m_LocalPosition.z
      value: -0.012000008
      objectReference: {fileID: 0}
    - target: {fileID: 9001939330342491293, guid: f998fb66061e39e42bea2b8313f43009,
        type: 3}
      propertyPath: m_LocalRotation.x
      value: -0
      objectReference: {fileID: 0}
    - target: {fileID: 9001939330342491293, guid: f998fb66061e39e42bea2b8313f43009,
        type: 3}
      propertyPath: m_LocalRotation.y
      value: -0
      objectReference: {fileID: 0}
    - target: {fileID: 9001939330342491293, guid: f998fb66061e39e42bea2b8313f43009,
        type: 3}
      propertyPath: m_LocalRotation.z
      value: -0
      objectReference: {fileID: 0}
    - target: {fileID: 9001939330342491293, guid: f998fb66061e39e42bea2b8313f43009,
        type: 3}
      propertyPath: m_LocalRotation.w
      value: 1
      objectReference: {fileID: 0}
    - target: {fileID: 9001939330342491293, guid: f998fb66061e39e42bea2b8313f43009,
        type: 3}
      propertyPath: m_RootOrder
      value: 1
      objectReference: {fileID: 0}
    - target: {fileID: 9001939330342491293, guid: f998fb66061e39e42bea2b8313f43009,
        type: 3}
      propertyPath: m_LocalEulerAnglesHint.x
      value: 0
      objectReference: {fileID: 0}
    - target: {fileID: 9001939330342491293, guid: f998fb66061e39e42bea2b8313f43009,
        type: 3}
      propertyPath: m_LocalEulerAnglesHint.y
      value: 0
      objectReference: {fileID: 0}
    - target: {fileID: 9001939330342491293, guid: f998fb66061e39e42bea2b8313f43009,
        type: 3}
      propertyPath: m_LocalEulerAnglesHint.z
      value: 0
      objectReference: {fileID: 0}
    - target: {fileID: 9001939330342491293, guid: f998fb66061e39e42bea2b8313f43009,
        type: 3}
      propertyPath: m_LocalScale.x
      value: 1
      objectReference: {fileID: 0}
    - target: {fileID: 9001939330342491293, guid: f998fb66061e39e42bea2b8313f43009,
        type: 3}
      propertyPath: m_LocalScale.y
      value: 1
      objectReference: {fileID: 0}
    - target: {fileID: 9001939330342491293, guid: f998fb66061e39e42bea2b8313f43009,
        type: 3}
      propertyPath: m_LocalScale.z
      value: 1
      objectReference: {fileID: 0}
    - target: {fileID: 9001939329359996191, guid: f998fb66061e39e42bea2b8313f43009,
        type: 3}
      propertyPath: m_LocalScale.z
      value: 14.3133955
      objectReference: {fileID: 0}
    - target: {fileID: 9001939329244761916, guid: f998fb66061e39e42bea2b8313f43009,
        type: 3}
      propertyPath: m_Materials.Array.data[0]
      value: 
      objectReference: {fileID: 2100000, guid: b92ed83fa606bdc40823239ac863fd0b, type: 2}
    - target: {fileID: 9001939329284000547, guid: f998fb66061e39e42bea2b8313f43009,
        type: 3}
      propertyPath: m_Materials.Array.data[0]
      value: 
      objectReference: {fileID: 2100000, guid: b92ed83fa606bdc40823239ac863fd0b, type: 2}
    - target: {fileID: 9001939329361897471, guid: f998fb66061e39e42bea2b8313f43009,
        type: 3}
      propertyPath: m_Materials.Array.data[0]
      value: 
      objectReference: {fileID: 2100000, guid: b92ed83fa606bdc40823239ac863fd0b, type: 2}
    - target: {fileID: 9001939329394073881, guid: f998fb66061e39e42bea2b8313f43009,
        type: 3}
      propertyPath: m_Materials.Array.data[0]
      value: 
      objectReference: {fileID: 2100000, guid: b92ed83fa606bdc40823239ac863fd0b, type: 2}
    - target: {fileID: 9001939329494166619, guid: f998fb66061e39e42bea2b8313f43009,
        type: 3}
      propertyPath: m_Materials.Array.data[0]
      value: 
      objectReference: {fileID: 2100000, guid: b92ed83fa606bdc40823239ac863fd0b, type: 2}
    - target: {fileID: 9001939330242184004, guid: f998fb66061e39e42bea2b8313f43009,
        type: 3}
      propertyPath: m_Materials.Array.data[0]
      value: 
      objectReference: {fileID: 2100000, guid: b92ed83fa606bdc40823239ac863fd0b, type: 2}
    - target: {fileID: 9001939330565132087, guid: f998fb66061e39e42bea2b8313f43009,
        type: 3}
      propertyPath: m_Materials.Array.data[0]
      value: 
      objectReference: {fileID: 2100000, guid: b92ed83fa606bdc40823239ac863fd0b, type: 2}
    - target: {fileID: 9001939330674822635, guid: f998fb66061e39e42bea2b8313f43009,
        type: 3}
      propertyPath: m_Materials.Array.data[0]
      value: 
      objectReference: {fileID: 2100000, guid: b92ed83fa606bdc40823239ac863fd0b, type: 2}
    - target: {fileID: 9001939330094108544, guid: f998fb66061e39e42bea2b8313f43009,
        type: 3}
      propertyPath: m_Materials.Array.data[0]
      value: 
      objectReference: {fileID: 2100000, guid: b92ed83fa606bdc40823239ac863fd0b, type: 2}
    m_RemovedComponents: []
  m_SourcePrefab: {fileID: 100100000, guid: f998fb66061e39e42bea2b8313f43009, type: 3}
--- !u!4 &8316359474160483088 stripped
Transform:
  m_CorrespondingSourceObject: {fileID: 9001939330342491293, guid: f998fb66061e39e42bea2b8313f43009,
    type: 3}
  m_PrefabInstance: {fileID: 1118287718659698573}
  m_PrefabAsset: {fileID: 0}
--- !u!1001 &1118287718892755129
PrefabInstance:
  m_ObjectHideFlags: 0
  serializedVersion: 2
  m_Modification:
    m_TransformParent: {fileID: 1118287718675473554}
    m_Modifications:
    - target: {fileID: 3817587605328860925, guid: df23f7da4d4c653439dcdf51acf7d022,
        type: 3}
      propertyPath: m_Name
      value: BatteryParallel
      objectReference: {fileID: 0}
    - target: {fileID: 3817587605328860925, guid: df23f7da4d4c653439dcdf51acf7d022,
        type: 3}
      propertyPath: m_TagString
      value: battery3
      objectReference: {fileID: 0}
    - target: {fileID: 3817587605328366301, guid: df23f7da4d4c653439dcdf51acf7d022,
        type: 3}
      propertyPath: m_LocalPosition.x
      value: -0.01564978
      objectReference: {fileID: 0}
    - target: {fileID: 3817587605328366301, guid: df23f7da4d4c653439dcdf51acf7d022,
        type: 3}
      propertyPath: m_LocalPosition.y
      value: 0.0065999995
      objectReference: {fileID: 0}
    - target: {fileID: 3817587605328366301, guid: df23f7da4d4c653439dcdf51acf7d022,
        type: 3}
      propertyPath: m_LocalPosition.z
      value: -0.008901711
      objectReference: {fileID: 0}
    - target: {fileID: 3817587605328366301, guid: df23f7da4d4c653439dcdf51acf7d022,
        type: 3}
      propertyPath: m_LocalRotation.x
      value: -0.7071068
      objectReference: {fileID: 0}
    - target: {fileID: 3817587605328366301, guid: df23f7da4d4c653439dcdf51acf7d022,
        type: 3}
      propertyPath: m_LocalRotation.y
      value: -0
      objectReference: {fileID: 0}
    - target: {fileID: 3817587605328366301, guid: df23f7da4d4c653439dcdf51acf7d022,
        type: 3}
      propertyPath: m_LocalRotation.z
      value: -0
      objectReference: {fileID: 0}
    - target: {fileID: 3817587605328366301, guid: df23f7da4d4c653439dcdf51acf7d022,
        type: 3}
      propertyPath: m_LocalRotation.w
      value: 0.7071067
      objectReference: {fileID: 0}
    - target: {fileID: 3817587605328366301, guid: df23f7da4d4c653439dcdf51acf7d022,
        type: 3}
      propertyPath: m_RootOrder
      value: 1
      objectReference: {fileID: 0}
    - target: {fileID: 3817587605328366301, guid: df23f7da4d4c653439dcdf51acf7d022,
        type: 3}
      propertyPath: m_LocalEulerAnglesHint.x
      value: 0
      objectReference: {fileID: 0}
    - target: {fileID: 3817587605328366301, guid: df23f7da4d4c653439dcdf51acf7d022,
        type: 3}
      propertyPath: m_LocalEulerAnglesHint.y
      value: 0
      objectReference: {fileID: 0}
    - target: {fileID: 3817587605328366301, guid: df23f7da4d4c653439dcdf51acf7d022,
        type: 3}
      propertyPath: m_LocalEulerAnglesHint.z
      value: 0
      objectReference: {fileID: 0}
    - target: {fileID: 3817587605328366301, guid: df23f7da4d4c653439dcdf51acf7d022,
        type: 3}
      propertyPath: m_LocalScale.x
      value: 4
      objectReference: {fileID: 0}
    - target: {fileID: 3817587605328366301, guid: df23f7da4d4c653439dcdf51acf7d022,
        type: 3}
      propertyPath: m_LocalScale.y
      value: 4
      objectReference: {fileID: 0}
    - target: {fileID: 3817587605328366301, guid: df23f7da4d4c653439dcdf51acf7d022,
        type: 3}
      propertyPath: m_LocalScale.z
      value: 0.87799937
      objectReference: {fileID: 0}
    - target: {fileID: 1478360453, guid: df23f7da4d4c653439dcdf51acf7d022, type: 3}
      propertyPath: m_Enabled
      value: 1
      objectReference: {fileID: 0}
    - target: {fileID: 1478360453, guid: df23f7da4d4c653439dcdf51acf7d022, type: 3}
      propertyPath: Battery1
      value: 
      objectReference: {fileID: 0}
    - target: {fileID: 1478360453, guid: df23f7da4d4c653439dcdf51acf7d022, type: 3}
      propertyPath: Battery2
      value: 
      objectReference: {fileID: 0}
    - target: {fileID: 1478360453, guid: df23f7da4d4c653439dcdf51acf7d022, type: 3}
      propertyPath: LoadText
      value: 
      objectReference: {fileID: 6825245738189265491, guid: a93e71d0823c9a544a661ecf835d32e1,
        type: 3}
    - target: {fileID: 3817587605331790589, guid: df23f7da4d4c653439dcdf51acf7d022,
        type: 3}
      propertyPath: m_Mesh
      value: 
      objectReference: {fileID: 4300000, guid: 5735468c0a81f8444b2fe0d818daafbc, type: 3}
    - target: {fileID: 3817587605330790461, guid: df23f7da4d4c653439dcdf51acf7d022,
        type: 3}
      propertyPath: m_Materials.Array.data[0]
      value: 
      objectReference: {fileID: 2100000, guid: 3794f8d1b0fea1348ade1d32b56ac477, type: 2}
    m_RemovedComponents:
    - {fileID: 1478360453, guid: df23f7da4d4c653439dcdf51acf7d022, type: 3}
  m_SourcePrefab: {fileID: 100100000, guid: df23f7da4d4c653439dcdf51acf7d022, type: 3}
--- !u!1 &4286933655165029956 stripped
GameObject:
  m_CorrespondingSourceObject: {fileID: 3817587605328860925, guid: df23f7da4d4c653439dcdf51acf7d022,
    type: 3}
  m_PrefabInstance: {fileID: 1118287718892755129}
  m_PrefabAsset: {fileID: 0}
--- !u!114 &1118287718501639198 stripped
MonoBehaviour:
  m_CorrespondingSourceObject: {fileID: 682638503, guid: df23f7da4d4c653439dcdf51acf7d022,
    type: 3}
  m_PrefabInstance: {fileID: 1118287718892755129}
  m_PrefabAsset: {fileID: 0}
  m_GameObject: {fileID: 0}
  m_Enabled: 1
  m_EditorHideFlags: 0
  m_Script: {fileID: 11500000, guid: f4688fdb7df04437aeb418b961361dc5, type: 3}
  m_Name: 
  m_EditorClassIdentifier: 
--- !u!4 &4286933655164605028 stripped
Transform:
  m_CorrespondingSourceObject: {fileID: 3817587605328366301, guid: df23f7da4d4c653439dcdf51acf7d022,
    type: 3}
  m_PrefabInstance: {fileID: 1118287718892755129}
  m_PrefabAsset: {fileID: 0}
--- !u!1001 &1118287719201033087
PrefabInstance:
  m_ObjectHideFlags: 0
  serializedVersion: 2
  m_Modification:
    m_TransformParent: {fileID: 1118287718373201089}
    m_Modifications:
    - target: {fileID: 100000, guid: 9fb4ee485bccfd24e87900e2accd6b27, type: 3}
      propertyPath: m_Name
      value: cylinder_Hor
      objectReference: {fileID: 0}
    - target: {fileID: 400000, guid: 9fb4ee485bccfd24e87900e2accd6b27, type: 3}
      propertyPath: m_LocalPosition.x
      value: -0.0077999993
      objectReference: {fileID: 0}
    - target: {fileID: 400000, guid: 9fb4ee485bccfd24e87900e2accd6b27, type: 3}
      propertyPath: m_LocalPosition.y
      value: 0.018059999
      objectReference: {fileID: 0}
    - target: {fileID: 400000, guid: 9fb4ee485bccfd24e87900e2accd6b27, type: 3}
      propertyPath: m_LocalPosition.z
      value: 0.049399987
      objectReference: {fileID: 0}
    - target: {fileID: 400000, guid: 9fb4ee485bccfd24e87900e2accd6b27, type: 3}
      propertyPath: m_LocalRotation.x
      value: 0.00000008146034
      objectReference: {fileID: 0}
    - target: {fileID: 400000, guid: 9fb4ee485bccfd24e87900e2accd6b27, type: 3}
      propertyPath: m_LocalRotation.y
      value: -0
      objectReference: {fileID: 0}
    - target: {fileID: 400000, guid: 9fb4ee485bccfd24e87900e2accd6b27, type: 3}
      propertyPath: m_LocalRotation.z
      value: -0
      objectReference: {fileID: 0}
    - target: {fileID: 400000, guid: 9fb4ee485bccfd24e87900e2accd6b27, type: 3}
      propertyPath: m_LocalRotation.w
      value: 1
      objectReference: {fileID: 0}
    - target: {fileID: 400000, guid: 9fb4ee485bccfd24e87900e2accd6b27, type: 3}
      propertyPath: m_RootOrder
      value: 3
      objectReference: {fileID: 0}
    - target: {fileID: 400000, guid: 9fb4ee485bccfd24e87900e2accd6b27, type: 3}
      propertyPath: m_LocalEulerAnglesHint.x
      value: 0
      objectReference: {fileID: 0}
    - target: {fileID: 400000, guid: 9fb4ee485bccfd24e87900e2accd6b27, type: 3}
      propertyPath: m_LocalEulerAnglesHint.y
      value: 0
      objectReference: {fileID: 0}
    - target: {fileID: 400000, guid: 9fb4ee485bccfd24e87900e2accd6b27, type: 3}
      propertyPath: m_LocalEulerAnglesHint.z
      value: 0
      objectReference: {fileID: 0}
    - target: {fileID: 400000, guid: 9fb4ee485bccfd24e87900e2accd6b27, type: 3}
      propertyPath: m_LocalScale.x
      value: 1.506
      objectReference: {fileID: 0}
    - target: {fileID: 400000, guid: 9fb4ee485bccfd24e87900e2accd6b27, type: 3}
      propertyPath: m_LocalScale.y
      value: 1.506
      objectReference: {fileID: 0}
    - target: {fileID: 400000, guid: 9fb4ee485bccfd24e87900e2accd6b27, type: 3}
      propertyPath: m_LocalScale.z
      value: 1.506
      objectReference: {fileID: 0}
    - target: {fileID: 2300000, guid: 9fb4ee485bccfd24e87900e2accd6b27, type: 3}
      propertyPath: m_Materials.Array.data[0]
      value: 
      objectReference: {fileID: 2100000, guid: b92ed83fa606bdc40823239ac863fd0b, type: 2}
    m_RemovedComponents: []
  m_SourcePrefab: {fileID: 100100000, guid: 9fb4ee485bccfd24e87900e2accd6b27, type: 3}
--- !u!4 &1118287719201427967 stripped
Transform:
  m_CorrespondingSourceObject: {fileID: 400000, guid: 9fb4ee485bccfd24e87900e2accd6b27,
    type: 3}
  m_PrefabInstance: {fileID: 1118287719201033087}
  m_PrefabAsset: {fileID: 0}
